3322 5138
670 429 884 492 ..13-

192 595 263 667 143,
289 594 307 650 5
339 612 405 651 cum
432 593 463 652 vi
490 592 616 668 perfecti
644 593 681 650 ad
704 593 841 649 futurum
864 594 982 667 tempus
1006 595 1148 652 refertur:
1178 595 1250 653 Eur.
1273 595 1362 671 Hipp.

189 693 230 750 47
251 683 270 767 ἡ
291 684 319 749 δ’
341 685 463 767 εὐκλεὴς
482 687 543 768 μέν,
567 683 631 748 ἀλλ’
654 683 734 765 ὅμως
751 682 920 764 ἀπόλλυται,
939 691 991 748 ubi
1010 684 1168 751 ἀπόλλυται
1187 712 1363 769 praegresso

187 789 291 848 futuro
313 794 409 849 κτενεῖ
428 788 598 864 respondet,
622 787 714 846 Arist.
738 787 807 845 Pac.
831 788 895 846 250
919 779 959 858 ὡς
982 781 1146 848 ἀπόλλυσαι
1169 808 1236 848 oum
1260 791 1364 848 eodem

189 905 278 946 sensu
302 891 393 963 atque
418 889 481 946 243
499 879 546 958 ,ἀς
570 878 736 944 ἀπολεῖσθε.
781 883 865 941 Nihil
887 884 981 958 igitur
1004 885 1080 943 illud
1102 887 1257 946 indicativi
1279 907 1364 962 prae-

189 985 282 1042 sentis
311 985 478 1060 exemplum
507 984 589 1042 valet
615 982 653 1040 ad
681 980 900 1040 defendendum
931 983 1044 1040 nudum
1072 983 1251 1042 infinitivum
1279 1005 1364 1059 prae·

190 1083 284 1142 sentis
304 1083 384 1158 apud
404 1083 495 1140 Thuc.
515 1082 530 1140 I
550 1084 658 1158 127,1
684 1081 848 1158 νομίζοντες
871 1075 1045 1152 ἐκπεσόντος
1068 1075 1160 1142 αὐτοῦ
1183 1082 1258 1164 ῥᾷον
1280 1083 1363 1159 σφίσι

188 1185 353 1258 προχωρεῖν
381 1173 415 1238 cde
443 1173 503 1240 ἀπὸ
531 1182 590 1238 τῶν
614 1173 798 1256 Ἀθηναίων,
832 1178 884 1234 ubi
911 1176 985 1258 ῥᾷον
1013 1170 1052 1236 ἀν
1080 1179 1268 1238 scribendum
1297 1199 1362 1238 esse

188 1297 280 1353 supra
302 1279 378 1351 dixi3
403 1279 479 1336 nihil
502 1279 593 1336 etiam
617 1278 655 1335 ad
678 1275 823 1334 tuendum
846 1268 979 1344 κολάζειν
1001 1274 1048 1332 ΙΙΙ
1072 1278 1124 1352 52,
1148 1279 1166 1332 2
1192 1275 1218 1334 εἰ
1238 1271 1362 1353 βούλον-

188 1397 236 1434 ται
253 1376 442 1453 παραδοῦναι
459 1369 515 1453 τὴν
533 1370 646 1435 πόλιν.
666 1424 672 1435 .
694 1417 711 1450 .,
734 1366 803 1443 τούς
820 1392 849 1429 τε
868 1365 991 1442 ἀδίκους
1009 1367 1153 1448 κολάζειν,
1176 1367 1256 1449 παρά
1276 1373 1362 1451 δίκην

189 1469 221 1532 δὲ
245 1468 364 1549 οὐδένα,
389 1475 442 1532 ubi
465 1474 603 1552 Krueger
624 1468 760 1536 κολάσειν
784 1471 896 1546 optimo
919 1468 985 1528 iure
1008 1472 1151 1532 rest'tuit.
1197 1472 1239 1530 Et
1261 1473 1286 1530 si
1308 1473 1362 1530 illa

188 1571 305 1630 dicendi
331 1573 446 1632 ratione
475 1574 520 1631 uti
548 1573 692 1632 voluisset
715 1571 806 1631 Thuc.
830 1569 890 1626 VII
914 1571 965 1643 56,
990 1573 1008 1628 2
1037 1569 1203 1647 νομίζοντες
1229 1613 1236 1628 .
1260 1618 1265 1629 .
1292 1613 1313 1646 .,
1337 1570 1363 1629 εῖ

188 1661 328 1728 δύναιντο
351 1672 490 1747 κρατῆσαι
510 1663 682 1746 Ἀθηναίων
703 1718 709 1729 .
728 1715 735 1729 .
756 1711 773 1743 .,
797 1661 888 1727 καλὸν
908 1667 1010 1742 σφίσιν
1031 1661 1062 1727 ιδ
1086 1661 1237 1746 ἀγώνισμα
1261 1673 1362 1743 φανεῖ-

187 1770 272 1824 σθαι·
299 1758 370 1837 τούς
396 1788 425 1825 τε
452 1761 508 1846 γάρ
535 1761 643 1839 ἀλλους
663 1757 810 1844 Ἕλληνας
834 1759 927 1836 εὐθύς
948 1759 1018 1836 τούς
1043 1762 1096 1842 μὲν
1119 1763 1363 1843 ἐλευθεροῦσθαι,

187 1857 256 1935 τούς
284 1859 316 1922 δὲ
344 1857 444 1941 φόβου
472 1855 672 1939 ἀπολύεσθαι,
699 1864 750 1923 ubi
779 1858 833 1941 μὲν
860 1855 899 1921 ἀν
926 1863 1151 1924 rescribendum
1180 1883 1245 1924 esse
1272 1885 1363 1941 supra

187 1961 286 2037 docui,
316 1963 415 2037 potius
447 1955 674 2041 ἠλευθερῶσθαι
706 1965 737 2020 et
768 1955 970 2022 ἀπολελύσθαι
1003 1963 1180 2038 scripsisset.
1232 1963 1362 2022 Maxime

188 2063 289 2118 autem
309 2061 406 2119 aliena
426 2062 473 2118 est
491 2079 526 2118 aa
543 2060 753 2135 interpretatio
774 2079 792 2117 a
810 2060 963 2135 praesenti
983 2060 1171 2138 διαφθείρειν
1190 2061 1232 2119 IV
1255 2065 1357 2134 127,1

187 2157 358 2234 νομίσαντες
381 2151 503 2236 φεύγειν
525 2180 553 2217 τε
577 2151 668 2217 αὐτὸν
690 2155 740 2216 καὶ
763 2151 975 2234 καταλαβόντες
999 2157 1202 2236 διαφθείρειν,
1225 2175 1279 2233 pro
1304 2177 1362 2234 quo

187 2256 318 2314 dubitari
340 2274 399 2314 non
423 2261 524 2330 potest
542 2257 613 2331 quin
634 2254 764 2314 Cobetus
783 2260 863 2314 recte
884 2254 1059 2334 διαφθερεῖν
1077 2257 1254 2330 restituerit,
1277 2277 1361 2333 prae-

187 2354 294 2417 sertim*
319 2372 387 2411 cum
412 2346 534 2432 φεύγειν
562 2354 673 2413 diversi
702 2355 845 2428 temporis
874 2353 923 2413 sit.
974 2353 1085 2414 Contra
1117 2373 1237 2414 causam
1270 2356 1364 2414 habet

185 2451 283 2509 nudus
312 2451 475 2509 infinitivus
503 2451 670 2526 praesentis
695 2450 753 2507 VII
778 2453 807 2525 8,
831 2454 849 2513 1
879 2450 1007 2527 νομίζων
1035 2449 1068 2510 ἐν
1096 2450 1205 2522 δεινοῖς
1231 2471 1261 2509 τε
1285 2443 1362 2510 εἶναι

186 2547 249 2621 καί,
277 2546 304 2606 εἰ
325 2541 365 2624 μὴ
391 2541 430 2619 ὡς
453 2542 571 2626 τάχιστα
593 2540 612 2624 ἢ
637 2550 715 2624 σφοῖς
738 2545 979 2625 μεταπέμψουσιν
1002 2541 1021 2624 ἢ
1050 2544 1157 2620 ἀλλους
1181 2542 1220 2625 μὴ
1244 2541 1361 2626 ὀλίγους

185 2637 410 2720 ἀποστολαῖσιν,
443 2639 585 2723 οὐδεμίαν
614 2639 690 2705 εἶναι
720 2645 877 2722 σωτηρίαν,
909 2666 977 2704 cum
1008 2666 1115 2704 revera
1146 2646 1177 2703 in
1210 2648 1360 2720 praesenti

185 2742 317 2800 nondum
345 2744 477 2802 habeant
506 2764 565 2820 quo
593 2764 625 2802 se
653 2750 788 2817 servent,
817 2744 869 2803 sed
898 2747 963 2801 tum
991 2743 1110 2802 demum
1135 2744 1268 2802 habituri
1292 2746 1360 2820 sint,

185 2842 210 2898 si
242 2841 346 2900 Niciae
378 2842 501 2901 consilio
529 2843 729 2901 Athenienses
766 2842 1049 2917 obtemperaverint.
1104 2842 1204 2916 Atque
1236 2860 1360 2916 prorsus

185 2939 289 2997 eodem
312 2939 401 2999 modo
424 2941 455 2999 in
478 2940 611 3017 Xenoph.
635 2941 733 2999 Anab.
756 2939 800 2997 VI
822 2942 851 3016 3,
877 2942 916 2998 12
941 2940 1054 3014 legitur
1077 2938 1185 3015 νομίζω
1211 2933 1238 2996 δ’
1260 2936 1360 3018 ἔγωγε,

187 3035 212 3094 εἰ
230 3033 337 3095 ἐκεῖνοι
355 3030 535 3097 ἀπολοῦνται
554 3033 611 3118 (=
631 3037 657 3096 εί
675 3035 781 3098 ἐκεῖνοι
801 3033 840 3116 μὴ
865 3031 1077 3117 σωθήσονται),
1101 3029 1167 3094 οὐδ’
1188 3028 1260 3113 ἡμῖν
1284 3029 1361 3096 εἶναι

186 3127 329 3210 οὐδεμίαν
352 3136 506 3214 σωτηρίαν.
544 3137 648 3212 Neque
672 3136 769 3212 magis
793 3136 923 3195 alterum
947 3136 1027 3211 quod
1050 3135 1268 3194 Forssmannus
1292 3153 1359 3209 pro-

184 3234 256 3291 tulit
284 3234 451 3309 exemplum
479 3234 494 3292 I
523 3238 596 3310 121,
625 3237 645 3291 4
677 3236 728 3316 μιᾷ
755 3254 784 3293 τε
816 3233 885 3314 νίκῃ
918 3233 1081 3311 ναυμαχίας
1113 3225 1185 3291 κυτά
1217 3225 1249 3290 τδ
1282 3224 1360 3301 εἰκὸς

184 3323 351 3391 ἁλίσκονται
378 3332 437 3390 huc
464 3334 603 3408 pertinet.
655 3331 685 3389 si
714 3331 792 3389 enim
821 3349 897 3405 quae
924 3334 1153 3405 praecesserunt
1183 3321 1360 3408 (ἀπολαβεῖν

184 3419 245 3486 οίοί
270 3421 294 3485 τ’
325 3424 410 3502 ἐσμὲν
438 3432 536 3512 μισθῷ
565 3429 675 3506 μείζονι
702 3423 771 3499 τούς
798 3424 901 3498 ξένους
928 3421 1027 3486 αὐτῶν
1056 3421 1214 3504 ναυβάτας.
1261 3419 1358 3502 ὠνητὴ

184 3517 240 3602 γάρ
259 3518 431 3601 Ἀθηναίων
453 3520 474 3602 ἡ
497 3522 623 3604 δύναμις
646 3529 756 3603 μᾶλλον
778 3517 798 3601 ἢ
823 3525 927 3584 οἰκεία
957 3518 975 3602 ἡ
1003 3521 1035 3584 δὲ
1057 3519 1182 3604 ἡμετέρα
1204 3513 1298 3602 ἧσσον
1321 3516 1360 3581 ἀν

183 3624 269 3680 τοῦτο
291 3616 387 3682 πάθοι
407 3618 473 3705 ...)
497 3623 743 3699 consideraveris,
766 3628 956 3698 praesentem
978 3643 1080 3682 rerum
1099 3626 1212 3682 statum
1231 3621 1359 3680 describi

183 3719 352 3796 intelleges.
402 3721 557 3780 Sententia
584 3721 678 3797 igitur
706 3722 779 3780 haec
807 3724 865 3780 est:
895 3725 1029 3797 potestas
1058 3720 1287 3781 Atheniensium
1315 3719 1359 3776 ita

183 3822 356 3892 comparata
384 3821 431 3878 est
458 3823 493 3877 ut
517 3838 578 3877 una
600 3838 701 3895 pugna
723 3819 823 3878 navali
847 3819 941 3877 deleri
964 3820 1111 3878 videatur.
1156 3819 1234 3876 Huic
1257 3821 1359 3874 tamen

184 3914 319 3989 exemplo
347 3916 406 3973 duo
434 3915 571 3975 addenda
600 3917 671 3974 sunt
698 3934 716 3973 a
743 3916 942 3975 Forssmanno
972 3918 1094 3976 omissa:
1123 3915 1167 3972 IV
1193 3917 1242 3988 95,
1273 3916 1290 3972 2
1318 3905 1358 3989 ἢν

184 4007 361 4090 νικήσωμεν,
385 4007 421 4072 οὐ
446 4007 485 4091 μή
508 4035 578 4074 ποτε
600 4007 672 4090 ὑμῖν
695 4007 932 4092 Πελοποννήσιοι
955 4013 985 4086 ἐς
1007 4008 1061 4091 τὴν
1084 4007 1203 4092 χώραν’.
1219 4057 1247 4072 ..
1272 4005 1357 4089 ε’σβά·

183 4114 289 4186 λωσιν,
321 4106 353 4169 ἕν
386 4107 418 4170 δὲ
450 4114 502 4194 μιᾷ
534 4105 612 4191 μάχγ
643 4105 733 4187 τήνδε
759 4131 788 4170 τε
816 4115 1000 4190 προσκτᾶσθε
1026 4109 1076 4170 καὶ
1103 4109 1220 4187 ἐκείνην
1247 4114 1357 4187 μᾶλλον

183 4204 388 4284 ἐλευθεροῦτε,
411 4208 438 4264 V
464 4212 504 4269 98
528 4212 592 4280 πῶς
613 4202 651 4278 Ιοὐ
674 4203 881 4285 πολεμάσεσθε
904 4201 1027 4284 αὐτούς,
1055 4203 1126 4268 ὅταν
1149 4205 1179 4280 ἐς
1201 4203 1269 4266 τάδε
1292 4204 1356 4285 βλέ-

183 4318 295 4381 ψαντες
317 4299 489 4384 ἡγήσωνταί
508 4329 577 4367 ποτε
601 4301 678 4385 ύμᾶς
700 4303 751 4364 καὶ
773 4304 820 4365 ἐπί
843 4309 921 4382 σφοῖς
939 4301 1034 4383 ἥξεινς
1056 4298 1113 4363 κάν
1132 4298 1223 4386 τούτῳ
1243 4305 1271 4362 τί
1288 4299 1356 4364 ἀλλο

182 4396 202 4478 ἢ
230 4397 299 4475 τούς
326 4400 380 4480 μὲν
407 4397 592 4486 ἀπείργοντας
619 4404 776 4481 πολεμίους
800 4398 986 4482 μεγαλύνετε,
1014 4397 1082 4474 τοὺς
1105 4399 1137 4460 δὲ
1161 4399 1235 4480 μηδὲ
1259 4397 1357 4481 μελλή-

186 4518 293 4571 σαντας
316 4498 456 4580 γενέσθαι
478 4497 604 4573 ἀκοντας
626 4494 785 4579 ε’τιάγεσθε;
810 4502 924 4570 Quibus
944 4503 998 4559 hoc
1017 4520 1171 4559 commune
1191 4506 1238 4560 est
1255 4505 1291 4560 ut
1308 4520 1356 4559 res
