3322 5138
716 435 910 499 „5-

221 601 323 676 ψυχῆς
341 591 546 677 ἀποστερῆσαι,
568 601 599 658 Π
617 603 666 672 81,
688 602 705 658 5
725 591 916 678 ἡγησάμενοι,
935 596 1151 677 μεμονωμένων
1169 601 1195 660 εἰ
1211 578 1396 679 κρατήσειαν,

222 689 278 755 οὐκ
301 688 340 754 ἀν
363 693 403 755 έτι
426 697 510 774 σφίσι
534 691 602 768 τοὺς
616 691 764 774 Ἓλληνας
787 689 895 773 ὁμοίως
913 701 1098 774 προσελθεῖν,
1121 699 1167 756 III
1188 702 1238 770 30,
1258 702 1277 759 3
1297 700 1324 759 εἰ
1341 689 1396 759 οὖν

221 790 435 872 προσπέσοιμεν
458 790 546 871 ἀφνω
570 816 599 855 τε
622 792 669 854 καί
693 788 810 872 νυκτός,
841 792 945 865 ἐλπίζω
969 789 1038 872 μετὰ
1060 798 1120 855 τῶν
1143 795 1231 856 ένδον
1255 846 1260 856 .
1282 845 1287 855 .
1311 820 1394 857 κατα-

221 893 378 969 ληφθῆναι
400 884 439 950 ἀν
462 885 497 950 τδι
520 883 689 971 πράγματα,
718 892 761 950 IV
786 895 836 964 31,
862 897 880 952 2
909 885 926 953 δ
954 887 1091 969 ἐνόμιζον
1118 895 1219 971 σφίσιν
1247 887 1396 971 ὠφέλιμον

220 982 260 1048 ἀν
283 981 372 1065 εἶναι,
402 989 428 1049 εί
454 984 673 1068 καταλαμβάνοι
699 984 884 1068 ἀναχώρησις
907 988 1069 1069 βιαιοτέρα,
1099 994 1148 1065 69,
1176 998 1191 1049 1
1221 992 1395 1068 νομίζοντες,

221 1087 247 1147 εἰ
264 1085 335 1165 πρὶν
354 1085 557 1166 ἐπιβοηθῆσαί
573 1110 655 1160 τινας
673 1086 806 1164 ἐξέλοιεν,
829 1091 946 1148 θᾶσσον
968 1081 1007 1147 ἀν
1030 1087 1078 1148 καί
1101 1083 1135 1148 τά
1155 1085 1282 1168 Μέγαρα
1303 1107 1394 1167 προσ-

221 1187 362 1262 χωρῆσαι,
386 1187 413 1242 V
433 1189 462 1259 8,
483 1190 501 1246 3
526 1186 553 1245 εί
574 1179 630 1264 γάρ
655 1185 755 1257 δείξειε
778 1191 838 1258 τοῖς
860 1185 1003 1258 ἐναντίοις
1024 1181 1058 1247 τό
1080 1209 1109 1246 τε
1132 1190 1248 1264 πλῆθος
1270 1185 1320 1246 καί
1342 1182 1396 1266 τὴν

220 1276 337 1342 ὅπλισιν
365 1277 529 1363 ἀναγκαίαν
557 1272 650 1343 οὖσαν
678 1287 736 1343 τῶν
765 1278 832 1361 μεθ’
859 1281 979 1360 ἑαυτοῦ,
1013 1279 1067 1344 οάκ
1095 1278 1134 1344 ἀν
1149 1279 1257 1364 ,ἡγεῖτο
1285 1290 1394 1365 μᾶλλον

220 1378 439 1460 περιγενέσθαι,
468 1385 496 1457 8,
520 1385 540 1441 4
565 1376 620 1441 οὐκ
643 1375 681 1440 ἀν
704 1382 832 1460 νομίζων
855 1375 964 1454 αὐτοὺς
987 1375 1096 1460 ὁμοίως
1119 1377 1282 1462 ἀπολαβεῖν
1304 1373 1394 1457 αὖθις

222 1477 462 1557 μεμονωμένους,
486 1480 512 1540 εί
531 1475 613 1558 τύχοι
637 1477 767 1540 ἐλθοῦσα
790 1473 891 1552 αὐτοῖς
913 1473 933 1557 ἡ
956 1475 1099 1558 βοήθεια,
1123 1484 1175 1555 32,
1199 1485 1217 1541 3
1242 1482 1268 1541 εἰ
1290 1483 1393 1558 σφίσιν

221 1573 419 1655 προσγένοιτο,
439 1578 604 1656 νομίζοντες
623 1571 742 1636 ἀπασαν
756 1570 795 1636 ἀν
809 1575 884 1656 ἔχειν
899 1571 1140 1656 Πελοπόννησον,
1161 1583 1211 1652 37,
1229 1583 1246 1638 2
1267 1581 1394 1658 νομίζειν

220 1666 276 1752 γάρ
300 1666 338 1732 ἀν
360 1671 466 1736 τούτου
489 1670 734 1754 προχωρησαντος
755 1674 865 1756 ῥηιδίως
888 1672 947 1754 ἤδη
971 1673 1020 1735 καὶ
1043 1680 1180 1752 πολεμεῖν
1203 1674 1253 1734 καῖ
1276 1675 1393 1737 σπένδε-

219 1776 292 1830 σθαι
320 1770 369 1830 καί
396 1766 470 1851 πρὸς
494 1772 765 1848 Λακεδαιμονίους,
794 1773 820 1832 εῖ
842 1769 1011 1852 βούλοιντο,
1036 1821 1069 1833 ..
1097 1771 1147 1832 καὶ
1176 1773 1206 1832 εἴ
1228 1796 1293 1832 τινα
1319 1770 1393 1853 πρὸς

218 1863 308 1928 ἀλλον
337 1867 412 1946 δέοι,
442 1874 492 1945 39,
518 1875 535 1930 2
565 1869 726 1942 ἐλπίζοντες
754 1871 785 1929 οί
805 1867 1048 1949 Λακεδαιμόνιοι,
1072 1871 1099 1930 εί
1120 1865 1280 1931 Πάνακτον
1299 1867 1390 1952 Ἀθη-

218 1971 298 2026 ναῖοι
311 1963 391 2046 παρὰ
405 1970 550 2030 Βοιωτῶν
563 1962 754 2049 ἀπολάβοιεν,
772 1970 952 2048 κομίσασθαι
971 1963 1010 2028 ἀν
1024 1962 1105 2029 αὐτοὶ
1121 1963 1235 2045 Πάλον,
1254 1970 1297 2027 VI
1315 1975 1352 2029 11
1372 1977 1390 2032 2

218 2062 391 2126 Σικελιῶται
419 2062 446 2127 δ’
476 2062 516 2127 άν
548 2091 596 2146 μοι
630 2069 770 2128 δοκοῦσιν
798 2113 805 2126 .
829 2115 836 2128 .
867 2066 916 2127 καὶ
944 2067 983 2127 έτι
1014 2059 1052 2127 ἀν
1078 2056 1173 2145 ἧσσον
1201 2066 1292 2128 δεινοί
1319 2063 1391 2146 ἡμῖν

216 2160 371 2242 γενέσθαι,
394 2164 420 2224 σι’
441 2157 561 2242 ἀρξειαν
584 2158 682 2224 αὐτῶν
705 2159 901 2243 Συρακόσιοι,
926 2169 976 2241 28,
1001 2169 1018 2224 2
1044 2165 1229 2244 νομίσαντες,
1252 2166 1279 2225 εί
1300 2160 1391 2227 αὐτὸν

187 2316 192 2320 ,
217 2256 392 2337 έξελάσειαν,
415 2264 525 2339 πρῶτοι
548 2254 587 2321 ἀν
610 2255 695 2337 εἶναι,
719 2266 770 2338 37,
795 2267 813 2322 2
839 2257 920 2341 μόλις
943 2258 981 2324 ἀν
1004 2286 1054 2340 μοι
1078 2263 1232 2338 δοκοῦσιν,
1256 2263 1282 2322 εἰ
1303 2258 1391 2323 πόλιν

216 2357 315 2438 ἑτέραν
343 2354 487 2437 τοσαύτην
514 2355 581 2420 ὅσαι
604 2356 798 2441 Συράκουσαί
824 2361 897 2420 εἰσιν
924 2358 1041 2420 ἔλθοιεν
1068 2359 1181 2439 ἔχοντες
1208 2358 1257 2419 καί
1280 2355 1391 2440 ὅμορον

216 2451 386 2534 οἰκήσαντες
412 2451 463 2518 τὸν
491 2449 620 2535 πόλεμον
649 2465 795 2535 ποιοῖντο,
827 2452 881 2518 οὐκ
909 2450 948 2517 ἀν
975 2452 1144 2517 παντάπασι
1172 2457 1390 2536 διαφθαρῆναι,

217 2555 276 2613 VII
297 2560 326 2632 6,
347 2559 367 2614 4
390 2553 521 2628 ἐκείνους
543 2577 572 2614 τε
595 2553 644 2614 καί
667 2551 835 2616 παντάπασι
858 2550 1083 2634 ἀπεστερηκέναι
1107 2549 1140 2638 (i.
1164 2577 1188 2616 o.
1213 2576 1296 2632 spem
1320 2559 1388 2616 ode·

217 2645 368 2734 misse¹))‚
397 2654 423 2712 εἰ
444 2651 492 2712 καὶ
516 2658 664 2730 κρατοῖεν,
691 2647 730 2731 μὴ
753 2647 792 2713 ἀν
815 2652 855 2713 ἔτι
878 2657 955 2730 σφᾶς
979 2650 1170 2732 ἀποτειχίσαι,
1195 2654 1269 2713 VIII
1292 2659 1344 2732 47,
1371 2663 1386 2716 1

214 2756 312 2810 πεῖσαι
331 2745 359 2810 δ’
376 2744 414 2810 ἀν
433 2743 546 2828 ἐνόμιζε
564 2746 685 2828 μάλιστα
704 2749 735 2810 έκ
753 2752 805 2810 τοῦ
823 2745 969 2826 τοιούτου,
989 2750 1015 2810 εί
1030 2748 1234 2829 Τισσαφέρνης
1251 2753 1386 2828 φαίνοιτο

215 2842 294 2930 αὐτῷ
313 2843 475 2926 ἐπιτήδειος
494 2843 544 2908 ἀν.
580 2849 665 2907 Idem
683 2849 713 2907 in
732 2848 899 2924 participiis
917 2850 1018 2909 volero
1037 2853 1163 2924 apparet
1182 2868 1217 2907 ox
1237 2850 1280 2907 VI
1297 2853 1347 2926 64,
1371 2857 1384 2909 1

216 2941 323 3018 εἰδότες
347 2940 402 3006 οὐκ
425 2938 464 3006 ἀν
487 2941 595 3024 ὁμοίως
614 2943 805 3025 δυνηθέντες,
828 2947 854 3008 εἰ
872 2945 904 3006 ἐκ
922 2949 980 3007 τῶν
999 2948 1076 3006 νεῶν
1098 2939 1172 3023 πρὸς
1190 2963 1387 3024 παρεσκευασ-

216 3043 322 3124 μένους
350 3039 545 3124 έκβιβάζοιεν,
579 3044 638 3102 VII
663 3047 719 3123 42,
747 3048 766 3104 4
796 3039 873 3123 δρῶν
898 3093 904 3104 .
925 3087 948 3119 .,
976 3043 1002 3103 εἰ
1027 3037 1178 3121 κρατήσειέ
1205 3066 1247 3115 τις
1273 3048 1332 3104 τῶν
1358 3068 1387 3104 τε

212 3137 381 3203 Ἐπιπολῶν
412 3146 462 3220 τῆς
490 3136 663 3221 ἀναβάσεως
695 3141 744 3202 καῖ
776 3134 866 3216 αὖθις
900 3146 952 3204 τοῦ
984 3140 1016 3202 ἐν
1048 3135 1150 3214 αὐταῖς
1182 3140 1387 3220 στρατοπέδου,

215 3241 324 3322 ῥηιδίως
342 3233 381 3300 ἀν
399 3235 470 3301 αὐτὸ
494 3237 620 3319 ληφθέν.
659 3242 819 3302 Praeterea
841 3245 872 3301 in
896 3242 1044 3302 sententia
1067 3240 1229 3300 condicioni
1252 3243 1388 3304 subiecta

215 3344 283 3416 post
303 3340 329 3400 εί
342 3361 409 3400 oum
423 3341 558 3416 optativo
572 3341 670 3400 nudus
685 3342 780 3400 futuri
793 3340 958 3400 infinitivus
973 3343 1031 3397 out
1049 3337 1238 3413 participium
1257 3341 1385 3414 ponitur.

216 3439 308 3498 0311
329 3442 358 3514 ν,
379 3441 406 3497 3.
434 3439 600 3516 111334.
629 3439 655 3494 v
678 3442 726 3512 14,
749 3443 776 3500 3.
800 3442 852 3514 40,
873 3442 900 3496 3.
929 3437 970 3494 vi
990 3439 1041 3511 33,
1062 3439 1090 3494 3.
1115 3438 1165 3508 56,
1187 3439 1213 3494 3.
1239 3437 1297 3494 v11
1317 3439 1336 3495 4
1356 3442 1384 3497 4.

215 3536 275 3594 Ubi
298 3533 398 3595 tutem
422 3540 542 3612 praetor
564 3538 700 3595 futurum
723 3542 843 3614 tempus
866 3530 904 3594 ἀν
927 3536 1025 3610 obest,
1052 3534 1230 3593 sententiam
1258 3555 1318 3593 non
1342 3537 1387 3595 ita

216 3633 254 3690 ad
277 3633 477 3692 condicionem
501 3635 606 3693 referri
629 3637 755 3710 apparet
777 3639 812 3694 ut
834 3653 893 3694 non
915 3634 1016 3693 voleat
1037 3632 1095 3690 nisi
1119 3652 1154 3692 oa
1176 3634 1308 3706 impleta.
1350 3633 1385 3691 In

214 3731 330 3790 duobus
358 3733 436 3790 onim
463 3752 540 3808 quae
563 3736 683 3793 exstant
706 3736 793 3794 huius
818 3734 934 3810 generis
959 3731 1100 3806 exemplis
1124 3731 1303 3790 dubitationi
1326 3750 1385 3789 non

214 3830 360 3888 obnoxiis:
384 3829 427 3886 IV
454 3835 503 3904 11,
532 3833 552 3888 4
579 3837 761 3911 τριηραρχῶν
790 3825 846 3912 γάρ
873 3827 922 3889 καί
952 3823 1029 3904 ὁρῶν
1051 3830 1103 3887 τοῦ
1126 3827 1233 3904 χωρίου
1257 3831 1384 3904 χαλεποῦ

153 3978 159 3984 .
212 3923 297 4000 ὄντος
323 3922 392 3999 τοὺς
419 3924 611 4008 τριηράρχους
638 3929 688 3990 καί
716 3923 910 4010 κυβερνήτας,
938 3926 968 3986 εἴ
986 3947 1027 4007 πη
1050 3922 1099 3983 καί
1128 3925 1230 4001 δοκοίη
1255 3919 1384 3985 δυνατὸν

213 4019 288 4085 εἶναι
312 4030 400 4104 σχεῖν,
423 4020 627 4099 ἀποκνοῦντας
649 4026 698 4087 καί
722 4024 965 4105 φυλασσομένους
986 4026 1045 4083 τῶν
1067 4025 1142 4082 νεῶν
1160 4015 1199 4099 μὴ
1220 4021 1382 4100 ξυντρῖψα-

212 4141 260 4182 σιν
279 4128 310 4183 ot
327 4123 387 4182 VII
407 4128 435 4197 6,
458 4127 473 4182 1
495 4124 669 4200 νομίζοντες,
692 4124 742 4184 καῖ
765 4126 791 4184 εί
812 4123 918 4184 έκεῖνοι
941 4115 981 4199 μὴ
1005 4118 1135 4180 ἐθέλοιεν
1158 4114 1252 4197 μάχης
1273 4115 1383 4198 ἀρχειν,

211 4215 376 4300 ἀναγκαῖον
394 4220 496 4296 σφίσιν
514 4215 589 4280 εἶναι
608 4216 647 4299 μὴ
667 4225 807 4299 περιορᾶν
830 4211 1142 4297 παροικοδομοάμενον
1165 4211 1196 4275 τὸ
1219 4221 1311 4295 τεῖχος
1334 4220 1381 4276 vel

285 4448 310 4513 1)
330 4445 434 4499 Similis
452 4445 594 4514 emphasis
612 4445 742 4514 exempla
759 4431 891 4513 loguntur
909 4444 945 4496 111
967 4449 1009 4510 83,
1029 4449 1052 4494 4.
1079 4441 1101 4494 V
1116 4448 1158 4508 40,
1174 4447 1198 4497 3.
1220 4441 1380 4510 vl1150‚4.

211 4525 283 4580 Plab.
303 4527 406 4580 Phaed.
427 4531 460 4580 75
469 4525 496 4580 b.
879 4553 881 4558 ·
