3322 5138
764 405 957 468 ..8.-

275 576 348 634 Vlll
368 577 419 650 86,
440 579 468 634 7.
497 573 544 632 Ad
563 574 593 631 id
613 574 691 648 quod
714 571 885 648 quaerimus
908 589 968 630 non
990 573 1123 646 pertinet
1141 573 1168 628 V
1190 575 1253 631 104
1276 563 1446 649 χαλεπὸν..

274 672 431 750 νομίζομεν
454 717 460 730 ,
481 717 500 745 .,
529 669 555 728 εί
581 664 620 748 μὴ
647 663 706 728 ἀπὸ
729 672 781 730 τοῦ
806 667 871 728 ἴσον
895 665 974 727 ἔσται
997 662 1207 748 ἀγωνίζεσθαι,
1236 670 1288 728 ubi
1316 668 1447 727 condicio

276 770 311 828 ad
327 764 453 847 χαλεπόν
468 771 592 843 spectat,
606 768 644 825 ad
659 766 738 843 quod
752 767 877 826 verbum
893 767 1132 826 subaudiendum
1146 772 1201 828 est.
1225 767 1270 826 uf.
1291 764 1346 825 VII
1360 767 1412 833 44,
1427 768 1447 822 4

275 863 325 926 καί
353 866 379 926 εί
405 866 506 942 φίλιον
535 865 579 942 εἴη
611 867 670 924 τῶν
701 859 761 941 ἥδη
793 857 883 922 πάλιν
915 857 1100 944 φευγόντων,
1133 861 1272 942 πολέμιον
1304 858 1448 940 ἐνόμιζον,

276 965 350 1024 VIII
371 968 421 1041 81,
448 971 463 1023 1
489 962 616 1042 νομίζων
639 953 735 1040 μάνην
759 962 914 1040 σωτηρίαν,
937 962 964 1022 εί
983 961 1170 1041 Τισσαφέρνη
1194 957 1293 1035 αὐτοῖς
1316 956 1448 1041 μεταστή-

277 1081 352 1123 σειεν
375 1056 434 1123 ἀπὸ
458 1059 715 1137 Πελοποννησίων.

366 1163 493 1220 Restant
504 1179 538 1218 ea
549 1159 705 1218 enuntiata
715 1159 767 1218 ubi
777 1157 941 1217 condicioni
952 1158 1164 1234 significandae
1175 1157 1200 1217 ελ
1211 1177 1278 1216 eum
1288 1157 1449 1217 indicativo

277 1259 443 1336 praesentis
462 1259 511 1319 vel
529 1257 686 1333 praeteriti
705 1256 872 1317 adhibetur.
899 1258 986 1316 Mitto
1005 1235 1115 1315 tamen⁰
1126 1274 1162 1314 ea
1179 1255 1211 1313 in
1230 1257 1337 1331 quibus
1353 1255 1449 1313 condi-

278 1359 390 1417 cionem
400 1376 461 1415 non
474 1355 593 1431 impleri
603 1355 761 1431 iudicatur,
774 1354 820 1413 eui
831 1355 995 1414 subiectam
1007 1352 1186 1413 sententiam
1197 1353 1226 1410 iu
1238 1353 1371 1412 oratione
1382 1371 1451 1428 pen-

278 1455 361 1514 denti
375 1453 521 1513 infinitivo
537 1455 590 1511 aut
605 1451 762 1527 participio
772 1453 937 1525 praesentis
947 1453 996 1512 vel
1006 1451 1109 1510 aoristi
1124 1470 1189 1510 eum
1200 1443 1239 1508 ἀν
1250 1451 1375 1525 exprimi
1385 1469 1451 1509 con-

279 1556 348 1612 stat.
374 1552 500 1626 Reliqua
515 1550 650 1624 exempla
664 1549 737 1607 haec
748 1551 834 1607 sunt:
854 1549 868 1606 Ι
886 1551 936 1620 72,
952 1551 970 1606 2
987 1546 1102 1624 ἔφασαν
1120 1541 1282 1625 βούλεσθαι
1301 1545 1350 1607 καὶ
1369 1542 1452 1608 αάτολ

278 1648 307 1722 ἐς
329 1643 360 1709 τὸ
385 1651 501 1726 πλῆθος
524 1640 622 1706 αὐτῶν
646 1644 754 1720 εἰπεῖν,
782 1645 812 1704 εἴ
830 1668 855 1705 τι
883 1640 922 1724 μὴ
951 1639 1132 1720 ἀποκωλύει,
1159 1645 1205 1702 ΙΙΙ
1230 1647 1281 1722 32,
1307 1649 1325 1704 2
1353 1644 1453 1726 ἔλεγον

279 1741 314 1808 οὐ
338 1749 434 1817 καλῶς
457 1738 511 1822 τὴν
530 1736 659 1803 Ἑλλάδα
682 1741 859 1820 ἐλευθεροῦν
882 1737 983 1819 αὐτόν,
1012 1743 1038 1802 εἰ
1060 1738 1171 1821 ἀνδρας
1194 1739 1365 1821 διέφθειρεν
1388 1739 1453 1804 οὔτε

279 1849 377 1923 χεῖρας
405 1835 635 1920 ἀνταιρομένους
662 1836 729 1902 οὔτε
756 1840 914 1918 πολεμίους
940 1836 1012 1920 (hoe
1040 1861 1106 1900 cum
1134 1860 1239 1901 revera
1267 1843 1381 1900 laetum
1405 1842 1453 1915 sit,

280 1942 306 2001 εἰ
332 1959 424 2016 prope
452 1932 496 1998 dra
523 1939 702 2014 particulam
731 1934 872 2018 accedit),
900 1943 951 2012 46,
978 1944 995 1999 2
1020 1937 1174 2019 πολιορκίᾳ
1196 1960 1224 1997 τε
1254 1931 1332 2018 (τίνα
1356 1939 1454 2000 οἴεσθε

278 2035 383 2118 ἥντινα
411 2030 462 2117 οὗ)
491 2041 718 2113 παρατενεῖσθαι
749 2036 779 2109 ές
807 2031 983 2117 τοῦσχατον,
1012 2037 1038 2097 εί
1063 2031 1095 2097 τὸ
1112 2029 1195 2096 ἀὐτὸ
1220 2030 1343 2096 δάυαται
1366 2040 1454 2116 σχολῇ

279 2133 328 2196 καὶ
355 2128 426 2214 ταχὺ
454 2135 616 2213 ξυμβῆναι,
648 2137 698 2208 52,
729 2139 747 2194 2
776 2132 910 2214 λέγοντα,
943 2136 969 2196 εί
995 2129 1153 2214 βούλονται
1180 2135 1370 2212 παραδοῦναι
1401 2129 1455 2212 τὴν

280 2229 368 2295 πόλιν
388 2282 394 2294 .
415 2282 430 2310 .,
454 2228 523 2305 τούς
545 2254 574 2292 τε
597 2225 720 2306 ἀδίκους
740 2228 876 2295 κολάσειν
895 2229 1041 2313 (κολάζειν
1059 2233 1141 2292 οοδδ.
1161 2234 1274 2291 emend.
1296 2225 1455 2314 Krueger),

280 2325 360 2409 παρά
389 2332 475 2408 δίκην
503 2327 536 2390 δέ
564 2324 688 2407 οὐδένα,
722 2332 748 2387 V
778 2335 828 2406 41,
858 2335 876 2390 2
910 2331 936 2391 εί
964 2325 1121 2409 βούλονται
1150 2327 1330 2389 σπένδεσθαι
1358 2322 1454 2406 ὥσπερ

281 2425 438 2506 πρότερον,
463 2426 572 2504 ἑτοῖμοι
595 2420 685 2503 εἶναι,
712 2429 769 2486 VII
795 2431 823 2504 3,
850 2435 865 2487 1
891 2424 1026 2505 λέγοντα,
1051 2426 1076 2485 εἰ
1098 2419 1254 2505 βούλονται
1278 2423 1385 2498 ἐξιέναι
1408 2471 1415 2485 .
1436 2469 1452 2500 .,

282 2525 395 2603 ἑτοῖμος
414 2519 489 2585 εἶναι
508 2520 697 2601 σπένδεσθαι,
722 2530 773 2602 49,
794 2529 811 2584 2
830 2526 859 2586 ,εί
877 2523 908 2585 δὲ
928 2526 975 2586 δεῖ
991 2519 1030 2604 μη
1050 2518 1177 2604 ἀπάγειν
1193 2517 1249 2602 τὴν
1263 2517 1400 2602 στρατιάν
1415 2571 1421 2584 .
1437 2567 1455 2599 .,

282 2617 354 2683 ἀλλά
378 2623 488 2701 τρίβειν
511 2615 630 2696 αάτοάς,
654 2621 712 2700 ἔφη
735 2627 840 2702 χρῆναι
862 2617 882 2703 ἢ
906 2623 935 2696 ές
958 2617 1012 2701 τὴν
1033 2616 1143 2698 Θάψον
1165 2616 1348 2694 ἀναστάντας
1371 2625 1455 2683 τοῦτο

283 2727 379 2782 ποιεῖν
402 2714 421 2798 ἢ
445 2719 475 2792 ἐς
498 2715 551 2797 τὴν
574 2714 725 2799 Κατάνην,
749 2723 823 2780 VIII
845 2725 897 2800 92,
917 2726 959 2782 10
977 2715 993 2781 d
1013 2718 1045 2780 δὲ
1064 2720 1143 2799 εἴπερ
1166 2718 1216 2780 καί
1235 2718 1357 2792 ἐκείνοις
1376 2721 1459 2781 δοκεῖ

281 2825 454 2899 καθαιρεῖν,
477 2816 526 2879 καλ
550 2816 643 2904 ἑαυτῷ
667 2818 725 2898 ἔφη
750 2820 911 2892 ξυνδοκεῑν.

372 2918 436 2976 Iam
455 2919 513 2977 duo
532 2919 606 2976 mihi
626 2919 757 2978 effecisse
776 2918 889 2979 videor.
926 2917 1000 2977 Cum
1022 2919 1102 2977 enim
1120 2918 1151 2975 in
1169 2918 1294 2992 prolatis
1314 2918 1457 2993 exemplis

283 3017 309 3076 εἰ
332 3037 398 3076 eum
422 3017 555 3092 optativo
579 3016 622 3073 ibi
645 3019 764 3074 tantum
788 3021 932 3092 appareat
955 3017 1007 3074 ubi
1028 3016 1058 3074 in
1078 3016 1211 3074 oratione
1230 3018 1311 3074 recta
1330 3015 1457 3089 scriptor

284 3116 386 3174 eodem
416 3115 502 3172 modo
532 3115 580 3173 vel
603 3107 657 3172 έάν
679 3133 746 3171 eum
770 3114 956 3174 coniunctivo
980 3115 1116 3172 uteretur·
1147 3106 1234 3192 (talia
1258 3113 1335 3172 enim
1359 3111 1458 3170 omnia

285 3213 348 3271 eius
367 3211 486 3286 generis
510 3228 575 3268 esse
598 3208 769 3284 perspicies,
794 3211 819 3268 si
842 3215 957 3271 attente
982 3231 1017 3270 ea
1040 3203 1299 3289 consideraveris),
1324 3211 1458 3285 sequitur

284 3310 479 3370 indicativum
499 3307 524 3366 εἰ
541 3307 709 3382 particulae
727 3309 862 3367 iunctum
882 3309 1087 3384 Thucydidem
1105 3327 1253 3382 nusquam
1270 3307 1301 3366 in
1325 3307 1458 3367 oratione

285 3409 407 3484 obliquo
433 3407 464 3463 in
492 3405 659 3480 optativum
686 3407 887 3466 transtulisse.
933 3407 1038 3481 Neque
1061 3407 1099 3463 ad
1123 3408 1220 3464 solum
1244 3405 1458 3482 Thucydidem,

286 3507 337 3565 sed
364 3506 402 3563 ad
431 3523 531 3563 omnes
561 3503 721 3578 scriptores
749 3505 823 3564 haec
849 3523 954 3563 norma
981 3503 1149 3579 applicatur
1181 3507 1303 3578 excepto
1335 3502 1361 3562 εί
1392 3521 1458 3562 cum

286 3604 420 3679 optativo
443 3602 567 3676 futuri,'
582 3619 671 3677 quam
699 3605 882 3662 structuram
910 3603 941 3660 iu
965 3601 1099 3659 oratione
1123 3601 1244 3677 obliqua
1267 3619 1320 3676 pro
1344 3600 1370 3659 εἰ
1392 3619 1459 3659 cum

286 3698 446 3760 indicativo
480 3699 573 3758 futuri
605 3718 716 3772 ponere
748 3693 860 3779 lieet.¹)
911 3699 970 3757 Sed
1003 3697 1181 3757 condicionis
1213 3699 1257 3758 ita
1287 3699 1459 3758 enuntiatae
1550 3731 1556 3743 ·

287 3800 366 3874 apud
389 3797 594 3872 Thucydidem
617 3796 735 3854 nullum
759 3800 858 3856 exstat
882 3797 1058 3872 exemplum.
1095 3795 1194 3856 Causa
1218 3798 1318 3855 autem
1341 3816 1394 3854 cur
1417 3796 1460 3872 ita

287 3896 512 3970 circumscripta
546 3895 585 3952 sit
618 3894 798 3953 condicionis
831 3896 970 3971 obliquae
1003 3894 1168 3952 enuntiatio
1201 3895 1233 3952 in
1265 3913 1299 3953 eo
1332 3894 1461 3952 vertitur

288 3993 376 4070 quod,
395 3995 421 4052 si
435 3995 466 4052 in
480 3992 664 4068 temporibus
679 3997 798 4067 praeter
817 3994 954 4052 futurum
972 3984 1124 4068 optativus
1145 3992 1282 4067 obliquus
1302 3991 1460 4066 sententia·

289 4113 355 4150 ruru
388 4090 635 4150 condicionalium
667 4091 758 4148 etiam
789 4109 843 4165 pro
873 4090 1033 4149 indicativo
1065 4093 1158 4166 esset,
1190 4093 1289 4149 rectae
1318 4090 1460 4148 orationis

288 4191 384 4248 forma
407 4209 467 4248 non
490 4191 592 4262 posset
616 4187 689 4246 satis
713 4187 861 4264 dignosei3
884 4189 916 4247 in
938 4189 1041 4247 futuro
1065 4192 1164 4246 autem
1186 4189 1297 4261 potest,
1320 4206 1387 4245 cum
1406 4187 1461 4246 hoe

290 4337 465 4344 ——..-.--..
470 4338 479 4342 -
496 4337 501 4341 .

362 4415 388 4476 1)
412 4411 452 4464 ef.
473 4410 665 4464 Fassbaeuder
688 4412 722 4463 de
743 4411 876 4479 Optativo
899 4412 986 4467 loturi
1010 4411 1129 4479 (dissert.
1149 4408 1299 4463 Monaster.
1322 4408 1398 4477 typis
1417 4427 1461 4463 ex-

289 4507 385 4562 pressa
402 4489 515 4559 Lipsiae
534 4508 558 4544 a.
580 4495 659 4578 1884)
679 4511 704 4560 p.
725 4498 759 4544 34
769 4509 828 4558 sqq.
