3322 5138
687 443 882 504 ,9-

138 601 143 608 '
196 608 316 682 tempus
346 606 532 666 coniunctivo
561 610 670 666 careat.
717 606 800 676 Quod
827 607 922 684 igitur
946 607 1115 684 Madvigius
1137 610 1169 666 in
1192 612 1372 668 commenta·

197 705 278 762 tione
307 711 396 779 quam
428 706 465 763 de
495 705 568 764 Iocis
597 706 711 780 aliquot
734 705 869 780 syntaxis
893 703 1025 763 Graecae
1049 707 1169 782 scripsit
1198 699 1318 787 (Philol.
1341 708 1373 766 II

197 804 295 878 suppl.
314 824 341 878 p.
365 796 420 884 19)
444 803 481 861 δε
500 803 537 862 iis
556 803 712 861 sententiis
733 802 904 861 observavit
927 821 1003 877 quae
1028 805 1228 863 condicionem
1251 805 1372 865 veritati

198 900 378 958 contrariam
407 901 561 959 continent
592 894 642 978 (cf.
667 901 681 957 I
708 897 757 973 76,
789 903 816 958 1.
849 899 895 957 III
922 903 970 975 11,
1001 902 1029 958 5.
1061 899 1105 958 IV
1130 905 1180 974 27,
1206 905 1233 961 1.
1266 905 1319 979 40,
1344 907 1372 964 2.

202 999 272 1069 104,
298 1000 325 1056 2.
356 997 399 1054 VI
424 1000 475 1070 55,
501 1001 528 1056 3.
559 1000 610 1072 61,
635 996 678 1074 2),
702 998 731 1054 id
755 1001 875 1072 praeter
898 998 1032 1056 futurum
1056 997 1086 1054 in
1110 1017 1212 1057 omnes
1236 1000 1319 1058 valet
1341 1000 1371 1058 in

198 1094 305 1171 quibus
330 1095 463 1155 condicio
486 1115 540 1170 per
562 1095 759 1154 indicativum
783 1095 964 1154 enuntiatur.
1005 1092 1117 1154 Deinde
1141 1097 1197 1155 hoc
1220 1097 1372 1173 evicimus,

197 1193 228 1249 in
261 1193 424 1252 enuntiatis
458 1211 476 1251 a
507 1193 606 1252 verbis
639 1192 755 1252 dicendi
788 1197 818 1252 et
847 1193 973 1268 putandi
1001 1192 1200 1267 pendentibus
1228 1215 1304 1271 quae
1334 1198 1373 1255 ad

198 1290 400 1350 condicionem
428 1291 598 1350 referantur
626 1290 673 1348 cui
701 1291 911 1365 exprimendae
939 1289 965 1350 εἰ
991 1311 1058 1351 cum
1087 1292 1221 1367 optativo
1247 1296 1295 1353 vel
1319 1288 1372 1353 ἕάν

197 1407 264 1446 cum
287 1389 474 1449 coniunctivo
498 1387 665 1448 adhibitum
690 1389 731 1448 sit
753 1393 807 1448 aut
829 1389 1011 1448 infinitivum
1040 1389 1134 1447 futuri
1159 1390 1228 1464 poni
1254 1394 1307 1450 aut
1334 1385 1372 1450 ἀν

197 1485 345 1545 infinitIvo
374 1487 456 1561 addi,
485 1486 544 1546 nisi
571 1487 704 1546 condicio
732 1483 882 1563 generalis
910 1486 950 1544 sit
977 1486 1026 1546 vel
1049 1487 1198 1544 sententia
1221 1487 1259 1545 ad
1282 1508 1371 1563 quam

199 1587 315 1659 spectat
333 1587 455 1659 praeter
474 1601 539 1642 eam
559 1584 650 1642 etiam
669 1603 723 1659 per
742 1603 774 1643 se
792 1585 900 1644 valeat.
933 1583 1069 1644 Eundem
1089 1603 1178 1642 usum
1196 1604 1372 1660 cognoscere

197 1677 269 1740 licet
288 1681 340 1739 ubi
363 1680 389 1740 εί
410 1700 477 1740 cum
501 1682 661 1741 indicativo
684 1683 781 1741 futuri
804 1684 902 1741 locum
923 1682 1036 1755 habuit
1061 1685 1272 1758 praeterquam
1295 1685 1373 1760 quod

196 1781 227 1838 in
254 1780 333 1838 hunc
361 1780 481 1838 modum
506 1781 672 1839 sententiae
696 1780 831 1857 generali
853 1799 914 1839 non
936 1782 1041 1854 aptum
1064 1780 1160 1838 altera
1183 1783 1302 1839 tantum
1326 1801 1373 1840 ex-

196 1878 293 1952 ceptio
313 1877 400 1936 cadit.
431 1877 489 1936 Pro
509 1877 664 1938 infinitivis
684 1879 779 1937 futuri
798 1879 901 1936 autem
925 1895 990 1935 esse
1013 1895 1102 1952 posse
1126 1882 1269 1952 quosdam
1289 1896 1373 1953 prae-

198 1977 291 2033 sentis
311 1978 342 2034 et
359 1976 485 2049 perfecti
503 1975 666 2036 infinitivos
686 1976 716 2033 in
735 1977 797 2036 vim
815 1975 912 2035 futuri
933 1975 1077 2033 abeuntes
1099 1974 1179 2032 infra
1198 1977 1373 2036 videbimus.

285 2072 341 2130 His
370 2073 513 2149 expositis
539 2075 593 2132 hos
622 2075 703 2132 locos
729 2074 929 2134 emendandos
953 2091 1019 2132 esse
1042 2076 1180 2148 apparet:
1209 2073 1252 2131 IV
1278 2077 1328 2149 24,
1352 2078 1372 2132 4

197 2171 223 2230 εἰ
243 2165 299 2250 γάρ
322 2165 495 2248 κρατήσειαν
517 2174 557 2254 τῷ
579 2174 725 2255 ναυτικῷ,
747 2165 779 2231 τὸ
799 2163 917 2250 Ῥήγιον
938 2164 1061 2247 ἤλπιζον
1086 2215 1091 2227 .
1112 2216 1118 2228 .
1142 2168 1252 2250 ῥᾳδίως
1274 2166 1372 2249 χειρῶ-

200 2274 310 2328 σασθαι
334 2263 416 2348 (lege
435 2261 651 2350 χειρώσεσθαι),
676 2271 727 2343 80,
750 2272 765 2327 1
791 2265 914 2345 ἤλπιζον
937 2261 1102 2345 ἀποτρέψαι
1126 2262 1160 2345 (I.
1181 2261 1373 2349 ἀποτρέψειν)

199 2359 307 2438 αὐτοὺς
330 2361 460 2443 μα’λιστα,
485 2366 511 2425 εί
532 2361 811 2442 ἀντιπαραλνποῑεν,
836 2369 886 2442 86,
910 2368 930 2425 4
955 2359 1025 2424 οὐδὲ
1048 2358 1151 2441 ἀσαφῆ
1171 2357 1206 2444 (1.
1225 2358 1264 2425 ἀν
1282 2371 1373 2445 σαφῆ.

198 2463 241 2522 Of.
266 2465 374 2523 Annal.
398 2465 469 2540 phil.
498 2467 583 2523 1870
605 2484 633 2538 p.
657 2456 737 2545 339)
760 2458 815 2541 τὴν
838 2462 1009 2540 ἐλευθερίαν
1033 2463 1140 2538 νομίζω
1165 2460 1325 2541 ἐπιφέρειν,
1348 2465 1375 2524 εἰ

197 2553 228 2621 τδ
248 2554 371 2640 πάτριον
389 2559 492 2639 παρεὶς
510 2555 541 2621 τὸ
561 2558 651 2621 πλέον
673 2565 734 2633 τοῖς
758 2555 866 2642 ὀλίγοις
888 2555 907 2639 τ’)
931 2555 963 2621 τὸ
987 2557 1111 2619 έλασσον
1128 2565 1189 2632 τοῖς
1211 2565 1282 2620 πᾶσι
1305 2561 1373 2622 δον-

197 2653 331 2737 λῶσαιμι,
357 2662 428 2734 117,
456 2665 471 2717 1
498 2661 668 2738 νομίσαντες
688 2653 845 2740 Ἀθηναῖοι
868 2655 922 2735 μέν
945 2651 1001 2718 οὐκ
1024 2650 1062 2716 ἀν
1085 2656 1125 2717 έτι
1148 2652 1199 2718 cdv
1223 2660 1373 2736 Βρασίδαν

198 2759 284 2832 σφῶν
306 2760 547 2837 προσαποστῆσαι
571 2751 660 2816 οὐδὲν
684 2803 689 2815 .
712 2805 717 2816 ,
737 2803 743 2814 .
767 2754 817 2815 καί
840 2749 913 2833 ἅμα,
939 2755 965 2814 εί
986 2758 1081 2826 καλῶς
1106 2756 1207 2831 σφίσιν
1231 2755 1301 2834 έχοι,
1324 2756 1373 2816 καί

197 2847 231 2934 (1.
254 2847 326 2933 κῶν)
350 2855 497 2934 ξυμβῆναι
519 2849 554 2914 cd
578 2854 666 2914 πλείω
675 2847 709 2934 1),
734 2854 760 2909 V
780 2857 831 2926 22,
853 2857 868 2911 1
896 2847 950 2913 οὐκ
974 2851 1089 2928 έφασαν
1111 2848 1251 2924 δέξασθαι
1272 2845 1305 2928 (l.
1326 2851 1373 2913 δέ·

198 2943 325 3031 ξεσθαι),
352 2944 392 3028 ἢν
415 2946 456 3030 μή
479 2973 559 3022 τινας
584 2949 765 3029 δικαιοτέρας
787 2945 899 3011 τούτων
922 2952 1078 3025 ποιῶνται,
1103 2950 1145 3008 VI
1170 2953 1221 3027 24,
1248 2955 1263 3009 1
1290 2952 1372 3028 νομί-

198 3049 256 3119 ζων
281 3096 286 3108 .
307 3095 327 3124 .,
352 3050 378 3108 εί
399 3043 591 3130 ἀναγκάζοιτο
615 3043 833 3128 στρατεύεσθαι,
857 3043 978 3126 μάλιστα
1003 3040 1036 3129 (l.
1061 3041 1175 3124 μάλιστ’
1201 3040 1255 3127 ἀν)
1279 3043 1372 3120 οὕτως

196 3140 337 3222 ἀσφαλῶς
365 3145 535 3223 ἐκπλεῦσαι,
565 3151 615 3219 40,
648 3151 661 3205 1
692 3140 873 3227 ἡγησάμενοι
899 3149 984 3207 τοῦτο
1015 3142 1068 3224 μὲν
1095 3138 1133 3204 ἀν
1161 3143 1211 3205 καὶ
1234 3145 1299 3206 ἴσον
1321 3145 1371 3206 καί

196 3241 286 3304 πλέον
309 3245 340 3304 οί
359 3239 471 3325 ἀγαθοί
490 3239 574 3324 ὑμῶν
592 3249 753 3323 μετασχεῖν,
777 3246 803 3305 εἰ
821 3242 853 3305 δὲ
871 3241 944 3305 ἀλλα
963 3238 1157 3322 βουλήσεσθε,
1180 3242 1229 3304 καί
1249 3239 1282 3326 (l.
1301 3239 1372 3325 κάν)

197 3345 249 3402 τοῦ
272 3337 383 3416 παντὸς
405 3344 597 3404 κινδυνεῦσαι
621 3346 809 3422 στερηθῆναι.
853 3343 994 3402 Eiusdem
1018 3343 1144 3402 rationis
1168 3363 1204 3402 ea
1227 3349 1299 3403 sunt
1322 3345 1373 3403 ubi

197 3442 268 3500 talis
292 3443 424 3501 condicio
449 3462 484 3500 ax
504 3443 707 3517 superioribus
727 3441 889 3518 repetenda
907 3445 962 3500 est.
999 3441 1097 3510 Quare
1117 3442 1284 3519 corrigendi
1303 3447 1374 3502 sunt

198 3539 229 3597 hi
257 3541 327 3598 Ioci:
362 3540 419 3598 VII
445 3542 537 3620 56,2
567 3535 636 3612 τούς
663 3563 691 3601 τε
719 3535 775 3622 γὰρ
802 3535 909 3611 ἀλλους
927 3533 1074 3616 Ἕλληνας
1103 3533 1197 3612 εὐθὺς
1224 3534 1293 3612 τοὺς
1320 3537 1374 3618 μὲν

198 3629 232 3717 (l.
257 3632 311 3712 μὲν
333 3630 387 3708 ἀν;
412 3659 480 3697 nam
502 3639 738 3698 subaudiendum
759 3642 806 3699 est
825 3637 851 3696 εἰ
870 3631 1008 3696 δύναιντο
1028 3633 1183 3716 κρατῆσαι)
1203 3635 1373 3715 ἐλευθεροῦ-

198 3739 284 3810 σθαι,
312 3728 381 3807 τοὺς
410 3733 442 3795 δὲ
469 3731 569 3815 φόβου
598 3730 797 3812 ἀπολύεσθαι,
825 3736 899 3794 VIII
929 3739 979 3810 27,
1009 3737 1026 3793 3
1061 3734 1111 3793 καὶ
1140 3728 1194 3812 τὴν
1221 3728 1308 3794 πόλιν
1336 3731 1372 3795 οὐ

198 3825 292 3908 μόνον
323 3835 362 3915 τῷ
394 3834 517 3918 αἰσχρῷ,
550 3828 622 3893 ἀλλά
652 3832 700 3894 καλ
729 3831 762 3914 (I.
790 3826 860 3904 κάν;
895 3853 963 3892 nam
995 3832 1233 3892 subaudiendum
1262 3836 1309 3891 est
1334 3825 1373 3909 ἢν

196 3921 367 4010 ἡττηθῶσι)
395 3935 434 4014 τῷ
462 3934 583 4014 μεγίστῳ
612 3927 743 4014 κινδύνῳ
772 3931 962 4008 περιπίπτειν.
1016 3931 1120 4006 Neque
1148 3931 1237 3989 aliter
1264 3949 1312 3988 res
1340 3949 1372 3988 se

197 4026 296 4098 habet,
320 4028 346 4086 si
365 4028 498 4088 eiusdem
516 4031 636 4108 generis
657 4031 788 4089 condicio
808 4029 964 4106 participio
986 4028 1171 4102 exprimitur.
1209 4026 1285 4086 Cum
1307 4028 1373 4103 plu-

197 4125 274 4183 rima
296 4126 442 4186 eiusmodi
466 4129 602 4204 exempla
625 4132 752 4202 exstent,
779 4147 855 4204 quae
879 4145 1054 4191 enumerare
1076 4127 1200 4201 longum
1224 4128 1277 4199 est,
1301 4143 1373 4200 pau-

272 4298 297 4360 1)
318 4295 387 4348 Cum
401 4296 446 4350 hta
462 4300 490 4351 et
505 4297 543 4349 VI
558 4303 601 4363 40,
619 4304 641 4364 1,
660 4298 709 4366 qui
724 4298 800 4352 locus
819 4297 904 4367 paulo
919 4299 982 4366 post
997 4295 1135 4362 afferetur,
1155 4297 1271 4364 propter
1288 4294 1372 4349 inter-

199 4373 321 4442 positam
341 4376 534 4431 condicionem
552 4377 780 4431 molestissimum
800 4377 837 4432 sit
855 4376 981 4444 superius
1004 4371 1041 4428 ἀν
1060 4375 1096 4428 ad
1119 4375 1238 4429 alterum
1262 4393 1372 4444 quoque

198 4454 368 4508 infinitivum
388 4457 502 4525 referre,
527 4457 592 4511 huic
616 4457 798 4526 explicatIoni
819 4458 991 4512 lenissimam
1011 4455 1196 4509 mutationem
1215 4457 1372 4525 praeferen-

197 4535 264 4589 dam
283 4551 344 4589 esse
363 4551 515 4592 censemus.
