3322 5138
784 445 1002 509 ..12-

307 613 383 693 ἔχειν
416 614 542 672 rettulit.
592 613 670 671 Nam
703 612 793 671 etiam
828 614 896 670 autc
926 610 1125 670 incursionem
1151 610 1183 668 in
1212 609 1345 669 Atticam
1372 609 1484 668 factem

307 711 550 771 Lacedaemoniis
579 709 805 769 Atheniensium
836 711 929 785 terra,
959 709 1043 768 cuius
1071 706 1273 766 devastandae
1301 711 1483 782 potestatem

308 811 465 884 haberent,
494 829 548 884 pro
576 809 700 884 pignore
729 809 795 865 erat
822 807 859 864 ad
888 806 1049 866 flectendos
1078 825 1180 864 eorum
1208 805 1332 864 animos.
1378 805 1483 882 Neque

306 907 320 964 I
346 910 397 980 93,
422 910 439 965 2
465 906 592 983 νομίζων
616 953 621 964 .
641 952 649 967 .
673 897 782 975 αύτούς
805 897 961 974 ναυτικούς
984 899 1197 984 γεγενημένους
1226 898 1299 983 μέγα
1321 901 1483 981 προφέρειν

307 1003 337 1076 ἐς
359 999 391 1065 τὸ
414 998 579 1082 κτήσασθαι
603 995 733 1080 δύναμιν
751 1003 787 1060 ad
808 1000 944 1060 futurum
963 1005 1082 1078 tempus
1102 997 1263 1078 προφέρειν
1282 1005 1407 1078 spectat,
1431 1001 1483 1062 sed

307 1103 483 1162 vertendum
512 1107 570 1163 est:
601 1095 722 1176 ‘putans
751 1119 801 1159 cos
829 1100 965 1158 nauticos
993 1100 1089 1158 factos
1118 1100 1246 1158 multum
1274 1100 1416 1175 proficere
1445 1101 1483 1159 ed

307 1201 471 1276 potentiam
501 1201 557 1260 sibi
586 1190 837 1274 comparandam'.
888 1198 992 1273 Neque
1025 1199 1103 1258 enim
1137 1202 1202 1256 tum
1229 1199 1359 1274 primum
1389 1198 1482 1256 Athe-

305 1299 423 1358 nienses
447 1299 491 1356 rei
519 1297 620 1356 navali
647 1314 770 1372 operam
799 1295 898 1353 daturi
927 1300 1025 1368 erant,
1055 1297 1106 1355 sed
1135 1297 1195 1354 iam
1220 1295 1250 1353 in
1274 1313 1376 1369 pugna
1399 1294 1482 1353 Sala-

306 1397 398 1455 minia
425 1397 585 1455 maximam
613 1395 735 1454 navium
763 1397 879 1468 partem
908 1395 1110 1470 praebuerant
1141 1386 1171 1474 (I
1201 1395 1250 1466 74,
1284 1385 1326 1472 1).
1377 1392 1482 1468 Neque

306 1494 530 1554 assentiendum
559 1495 606 1552 est
634 1491 691 1549 Th.
718 1491 931 1566 Forssrnanuo,
961 1492 1012 1567 qui
1040 1493 1071 1550 in
1098 1492 1133 1552 G.
1158 1491 1254 1550 Curtii
1277 1490 1360 1550 Stud.
1388 1509 1482 1568 gram.

307 1591 348 1650 VI
372 1613 399 1667 p.
426 1594 465 1650 62
481 1610 543 1666 sqq.
572 1589 753 1648 infinitivum
780 1589 946 1663 praesentis
974 1588 1035 1648 vim
1063 1589 1157 1648 futuri
1186 1590 1230 1647 ita
1258 1588 1369 1647 habere
1395 1606 1482 1663 posse

306 1689 471 1748 affirmavit
494 1691 528 1746 ut
552 1691 651 1747 certus
675 1687 718 1746 rei
742 1689 866 1746 eventus
891 1687 1118 1764 significaretur.
1166 1687 1250 1757 Quod
1277 1687 1356 1745 enim
1380 1687 1482 1746 eodem

306 1786 394 1846 modo
422 1785 602 1844 indicativus
631 1787 797 1860 praesentis
825 1785 868 1844 rei
896 1786 1016 1844 futurae
1048 1785 1254 1861 exprimendae
1280 1784 1482 1857 adhiberetur,

306 1887 355 1943 hic
383 1902 503 1942 causam
530 1903 589 1943 non
618 1902 684 1942 esee
713 1884 840 1943 credidit
865 1903 917 1944 cur
940 1884 964 1942 is
989 1903 1061 1943 usus
1086 1885 1123 1942 ab
1147 1881 1294 1941 infinitivo
1317 1883 1483 1958 praesentis

307 1983 422 2040 alienus
446 1982 606 2041 videretur.
645 1981 689 2038 Nx
709 1982 825 2041 duobus
844 1986 945 2042 antem
964 1982 1119 2043 indicativi
1139 1981 1282 2056 exemplis
1302 1999 1377 2056 quae
1397 1981 1485 2040 affert

306 2081 435 2138 alterum
464 2078 507 2136 VI
536 2081 586 2154 91,
616 2084 634 2138 3
664 2078 707 2137 sic
734 2080 859 2156 legitur:
892 2078 941 2139 καὶ
969 2079 995 2139 εἰ
1022 2074 1095 2157 αὕτη
1123 2073 1142 2156 ἡ
1176 2073 1260 2150 πόλις
1288 2071 1482 2155 ληφθήσεται,

306 2175 398 2254 ἔχεται
421 2174 468 2234 καλ
492 2169 511 2254 ἡ
535 2179 616 2236 πᾶσα
640 2178 767 2237 Σικελί.
811 2179 869 2238 Sed
893 2181 1019 2255 apparet
1042 2179 1097 2236 hoc
1120 2178 1184 2236 loco
1208 2177 1300 2236 verbo
1324 2173 1414 2254 ἔχεται
1439 2176 1483 2234 rei

307 2276 457 2349 perfectae
486 2276 599 2333 etatum
628 2274 769 2351 describi,
801 2277 911 2358 quippe
939 2277 1022 2334 cuius
1051 2275 1152 2334 sensui
1179 2274 1360 2349 respondeat
1387 2273 1482 2348 ipsius

307 2372 390 2431 verbi
410 2367 572 2450 λαμβάνειν
591 2374 757 2448 perfectum
776 2372 917 2450 εἴληπται,
936 2393 994 2432 non
1013 2391 1155 2448 praesens
1174 2365 1360 2450 λαμβάνεται.
1398 2371 1482 2441 Quod

307 2471 332 2527 si
360 2470 561 2545 reputaveris,
589 2472 788 2547 nonpoteris
816 2491 874 2530 non
903 2471 1064 2532 concedere
1094 2472 1181 2530 huius
1205 2471 1333 2546 exempli
1358 2469 1481 2528 eandem

308 2568 452 2627 rationem
478 2587 543 2627 esse
566 2571 656 2644 atque
680 2571 743 2628 eius
767 2572 845 2645 quod
870 2573 916 2630 est
939 2571 969 2628 in
995 2569 1083 2644 Soph.
1107 2567 1183 2625 Phil.
1205 2568 1259 2625 75:
1284 2565 1314 2625 εἴ
1331 2588 1366 2643 με
1388 2561 1482 2637 τόξων

307 2658 446 2744 ἐγκρατὴς
479 2659 664 2742 αἰσθήσεται,
697 2661 806 2742 όλωλα,
839 2667 947 2744 quihus
980 2667 1086 2725 deinde
1115 2666 1217 2724 futuro
1246 2667 1381 2740 tempore
1408 2683 1481 2723 ustis

306 2762 396 2838 podia
419 2761 574 2823 additioni
597 2760 628 2823 σὲ
650 2764 883 2844 προσδιαφθερῶ
906 2759 1012 2838 ξυνόν.
1051 2762 1095 2822 Of.
1121 2763 1227 2822 Matth.
1248 2761 1347 2822 Gram.
1367 2763 1387 2836 ξ
1407 2765 1481 2823 500.

307 2862 417 2937 Krucg.
441 2863 541 2922 Gram.
565 2861 585 2934 ξ
606 2863 656 2936 53,
682 2866 700 2921 3
726 2864 791 2922 adn.
817 2866 845 2922 4.
886 2863 971 2922 Idem
994 2861 1133 2920 infinitivi
1157 2861 1282 2935 perfecti
1305 2879 1378 2920 usus
1402 2861 1481 2935 apud

307 2959 398 3017 Thus.
422 2960 452 3017 II
477 2961 505 3034 8,
529 2961 549 3016 4
574 2953 719 3040 ἐντούτῳ
743 2975 781 3018 τε’
794 2962 981 3019 κεκωλῦσθαι
1004 2951 1099 3018 ἐδόκει
1127 2951 1236 3040 ἕκόστφ
1266 2949 1301 3016 τύ
1327 2952 1481 3037 πράγματα

183 3045 186 3052 ’
307 3045 394 3140 ᾧμό
417 3058 466 3128 τιςΙ
481 3051 569 3128 αύτός
592 3053 737 3134 παρέσται.
778 3057 848 3114 Peri
872 3057 958 3115 modo
983 3059 1072 3132 atquc
1097 3056 1176 3132 apud
1200 3055 1291 3115 Thuc.
1316 3055 1359 3112 VI
1385 3059 1478 3131 91,3

306 3153 398 3231 ἔχεται
416 3155 446 3210 in
467 3155 537 3210 Eur.
556 3153 698 3211 Androm.
719 3156 780 3212 381
805 3145 845 3230 ἢν
867 3148 967 3234 θύνιχς
991 3147 1037 3232 σμ’,
1061 3157 1131 3224 παῖς
1154 3145 1201 3212 dd’
1229 3146 1364 3232 ἐκφεύγει
1388 3147 1480 3230 μόρον

306 3269 445 3325 praesens
470 3243 605 3328 ἐκφεύγει
628 3251 886 3326 interpretandum
910 3256 969 3329 est,
993 3253 1102 3327 quippe
1125 3251 1204 3326 quod
1228 3251 1330 3310 eadem
1355 3253 1480 3326 perfecti

306 3349 334 3407 vi
359 3348 529 3422 praeditum
553 3348 593 3406 sit
614 3368 672 3424 que
691 3349 763 3408 alibi
782 3349 906 3424 simplex
926 3343 1048 3427 φεύγειν
1067 3343 1117 3428 (cf.
1139 3350 1249 3425 Krucg.
1268 3349 1368 3408 Gram.
1389 3351 1408 3424 ξ
1430 3353 1480 3426 53,

308 3448 324 3502 1
351 3445 417 3502 adn.
443 3437 488 3524 3).
533 3445 638 3521 Neque
667 3446 755 3504 aliter
782 3446 888 3525 οἴχεται
915 3446 986 3506 Nur.
1016 3446 1116 3522 Suppl.
1147 3449 1209 3505 712
1244 3445 1270 3506 εἰ
1296 3439 1336 3523 μὴ
1365 3438 1481 3524 σχήσετε

307 3535 425 3620 στερρόν
449 3536 523 3620 δόρυ
553 3575 594 3583 -
623 3546 759 3621 σπαρτῶν
785 3538 846 3604 τόδ’
872 3538 1005 3623 ἀνδρῶν,
1035 3544 1142 3622 οἴχεται
1168 3537 1203 3602 τύ
1228 3538 1393 3615 Παλλάδος.
1440 3547 1480 3604 et

306 3642 384 3715 apud
408 3642 506 3716 ipsum
529 3641 733 3716 Thucydidem
757 3643 860 3700 eadem
883 3645 999 3702 ratione
1023 3642 1230 3717 explicandum
1254 3643 1301 3700 est
1324 3644 1337 3701 Ι
1364 3646 1436 3718 143,
1461 3645 1479 3701 5

306 3731 500 3818 κρατήσαντές
523 3759 551 3796 τε
575 3731 631 3817 γόιρ
655 3726 745 3809 αὖθις
764 3732 819 3798 ούκ
837 3732 971 3800 ἕλύσσοσι
991 3733 1167 3817 μαχούμεθα
1186 3735 1236 3798 καὶ
1254 3731 1293 3816 ἢν
1312 3743 1479 3817 σφαλῶμεν,

305 3832 340 3896 τὰ
364 3841 421 3896 τῶν
445 3827 615 3914 ξυμμάχων,
639 3829 713 3895 ὅθεν
731 3831 878 3916 ἰσχύομεν,
901 3831 1148 3915 προσαπόλλυται,
1172 3838 1225 3896 ubi
1243 3832 1481 3917 προσαπόλλυται

306 3937 440 3995 eiusdem
469 3934 612 4010 temporis
646 3952 711 3992 esse
743 3938 834 4010 etque
867 3930 1040 4014 μαχούμεθα
1072 3935 1265 3995 manifestum
1297 3940 1351 3995 est.
1401 3936 1479 3994 Nam

265 4049 269 4056 ·
306 4029 450 4094 όλλυσθαι
474 4034 596 4108 eiusque
616 4033 779 4106 composita
799 4035 916 4108 saepius
935 4051 1002 4092 cum
1021 4033 1051 4091 vi
1073 4033 1199 4107 perfecti
1219 4034 1319 4092 valere
1338 4034 1479 4108 perisse

205 4147 213 4164 ·
307 4137 355 4190 eat
382 4131 486 4190 multis
516 4129 659 4206 exemplis
688 4130 917 4192 demonstratur.
965 4131 1009 4191 Of.
1037 4131 1144 4189 Aesch.
1173 4131 1230 4206 Ag.
1261 4116 1344 4204 528,
1362 4131 1413 4190 ubi
1443 4132 1478 4189 dc

307 4230 397 4289 Troia
420 4230 517 4289 excisa
544 4229 653 4287 dicitur
679 4224 729 4285 καλ
760 4224 871 4307 σπέρμα
898 4223 994 4306 πόσης
1018 4222 1207 4300 ἐξαπόλλυται
1234 4223 1358 4306 χθονός,
1388 4229 1478 4304 Soph.

307 4326 367 4386 ΟΒ,
392 4331 454 4388 799
479 4327 617 4404 ἱκνοῦμαι
639 4318 743 4385 τούσδε
766 4319 834 4398 τούς
857 4321 971 4406 χώρους
995 4324 1027 4386 ἐν
1050 4318 1094 4396 οἷς
1125 4356 1161 4364 -
1195 4319 1231 4384 σύ
1259 4320 1309 4386 τόν
1332 4320 1479 4404 τύραννον

306 4427 409 4485 τοῦτον
432 4421 574 4486 όλλυσθαι
596 4420 701 4502 λέγεις,
729 4423 822 4485 Arist.
847 4426 913 4484 Pae.
939 4427 1001 4485 355
1029 4415 1134 4482 ἱκανὸν
1157 4417 1264 4503 χρόνον
1287 4418 1478 4501 ἀπολλύμεθα

305 4520 356 4582 καὶ
378 4523 631 4600 κατατετρίμμεθα.
670 4522 825 4582 Accedunt
847 4523 904 4582 loci
928 4523 979 4582 ubi
1002 4521 1115 4596 pariter
1137 4524 1227 4597 atque
1251 4523 1330 4596 apud
1349 4522 1440 4583 Thuo.
1464 4522 1479 4580 Ι
