3322 5138
762 385 976 448 -56..

284 560 336 630 87,
365 559 382 614 2
415 557 446 614 et
472 547 550 632 ἥρωϊ
576 551 602 610 V
633 555 684 627 11,
714 553 740 610 1.
792 549 836 609 De
863 566 960 610 accus.
985 539 1133 622 Ἀπόλλω,
1160 567 1214 625 pro
1241 565 1300 623 quo
1324 547 1461 608 Herwer·

284 655 380 712 denus
410 651 441 710 II
472 653 545 727 102,
573 652 591 711 5
621 642 792 710 Ἀπόλλωνα
819 647 949 720 mavult,
979 647 1016 708 cf.
1043 645 1137 706 Arist
1166 645 1218 706 Av.
1248 649 1321 706 586.
1355 645 1461 706 Aesch.

286 751 389 826 Suppl.
410 752 483 809 214.
507 749 658 824 01119,
681 749 731 806 15.
754 747 783 804 Π
807 745 873 806 cdd
899 745 971 804 49b
996 745 1052 821 243
1076 743 1114 805 de
1136 737 1254 820 Πνύκα,
1277 744 1357 821 quod
1382 745 1461 803 solus

283 848 353 908 Vct.
363 846 438 905 VIII
447 851 498 920 97,
510 850 525 907 1
538 866 593 924 pro
601 839 709 904 Πύκνα
719 843 819 917 habet,
830 841 944 903 Weckl.
959 843 977 903 l.
994 843 1013 904 l.
1027 863 1055 918 p.
1069 845 1108 902 25
1116 861 1159 919 sq.
1174 842 1325 902 Meisterh.
1340 839 1359 917 ξ
1372 843 1424 916 34,
1436 845 1462 900 7.

288 946 423 1006 Solutum
443 945 570 1005 formam
589 936 737 1005 Σολόεντα
756 941 799 998 VI
820 945 849 1018 2,
865 943 893 1018 6,
913 960 979 1000 cum
998 959 1105 1002 nomen
1125 941 1166 1000 sit
1183 939 1386 1018 peregrinum,
1405 960 1463 999 nou

286 1045 384 1104 minus
400 1044 586 1104 tolersndem
602 1061 668 1102 esse
682 1043 823 1116 putamus
840 1057 929 1115 quem
939 1032 1114 1112 Μαλόεντος
1126 1031 1341 1098 ΜαλόενταΙΠ
1354 1041 1383 1114 3,
1395 1041 1424 1098 3.
1436 1041 1463 1098 6.

375 1141 551 1204 Rectissime
571 1138 805 1199 Herwerdenus:
830 1129 990 1214 ’ἐπηλύτην
1009 1127 1038 1218 (Ι
1058 1141 1087 1212 9,
1108 1129 1141 1217 2)
1165 1154 1225 1197 non
1245 1135 1344 1212 magis
1367 1137 1463 1194 feren-

286 1241 357 1302 dum
385 1243 459 1318 puto
488 1259 577 1317 quam
606 1239 632 1298 si
660 1238 726 1313 quis
752 1235 866 1296 Graece
894 1235 1027 1296 scribens
1056 1237 1215 1310 usurparet
1242 1227 1384 1311 νεηλύτης
1412 1239 1465 1294 eut

287 1330 453 1418 συνηλύτης
479 1357 533 1414 pro
561 1333 682 1414 νέηλος,
710 1325 860 1412 σύνηλυς’.
906 1332 1017 1393 Podtee
1042 1333 1230 1394 certeillam
1253 1333 1382 1391 formem
1405 1352 1463 1392 non

168 1495 172 1504 ,
286 1439 411 1512 hebent,
438 1437 489 1496 sed
513 1432 631 1511 ἔπηλυς.
676 1433 782 1508 Neque
805 1432 907 1490 tumen
930 1423 1062 1509 ἐπήλυδα
1085 1430 1308 1494 rescribendum
1332 1433 1388 1503 est,
1414 1432 1464 1489 sed

164 1551 170 1560 ·
287 1533 408 1612 ἔπηλυν,
433 1533 512 1608 quod
536 1531 615 1590 idem
639 1528 783 1606 Dionysio
806 1527 874 1586 Hel.
899 1527 969 1588 Ant.
993 1527 1038 1588 111
1063 1531 1103 1588 72
1128 1547 1183 1604 pro
1206 1521 1362 1605 ἐπήλυτον,
1385 1529 1464 1604 quod

287 1633 401 1709 pariter
423 1630 572 1690 novicium
596 1630 642 1686 est
665 1619 716 1706 (cf.
736 1625 879 1686 Valcken.
901 1625 941 1686 ed
964 1625 1101 1686 Ammon.
1124 1646 1152 1702 p.
1174 1617 1239 1705 32),
1263 1624 1464 1704 Kiesslingius

287 1727 427 1790 reddidit.
473 1727 518 1784 Ex
540 1725 642 1784 Photii
669 1723 841 1784 testimonio
870 1716 1030 1802 εὐπραξίαν
1059 1721 1090 1784 οί
1114 1714 1235 1784 παλαιοί
1264 1720 1390 1800 κωμικοί
1414 1716 1464 1782 6ιύ

287 1829 340 1885 τοῦ
365 1825 388 1902 ξ,
415 1825 449 1884 Θ.
473 1819 505 1883 δὲ
529 1816 578 1882 διὰ
601 1825 653 1884 τοῦ
676 1846 693 1903 y
717 1841 771 1899 pro
795 1821 876 1880 certo
899 1821 1035 1880 concludi
1058 1840 1116 1881 non
1139 1839 1227 1898 posse
1256 1823 1329 1897 puto
1354 1822 1480 1898 ubique.

289 1924 344 1982 Th.
368 1921 478 1982 dirdsse
502 1914 665 2001 εὐπραγίαν
688 1923 718 1980 et
741 1920 868 1978 alteram
891 1919 1018 1979 formem
1042 1919 1069 1978 ei
1091 1937 1213 1994 prorsus
1237 1917 1465 1978 ebiudicendem

289 2039 368 2098 esse,
399 2020 578 2096 praesertim
606 2037 673 2078 oum
700 2036 737 2076 ne
765 2017 841 2077 iliud
868 2017 988 2092 quidem
1016 2017 1089 2076 setis
1117 2019 1256 2076 accurate
1283 2015 1397 2076 dictum
1426 2018 1466 2076 sit

289 2113 450 2196 εὐπραξίαν
474 2117 652 2178 comicorum
676 2134 740 2176 esse
765 2106 814 2196 (of.
837 2115 946 2174 Aesch.
970 2113 1052 2191 Sept.
1077 2116 1149 2174 224.
1174 2113 1265 2191 Soph.
1289 2113 1464 2176 00.1554.

289 2219 359 2278 Eur.
384 2215 492 2277 Troed.
517 2208 605 2296 640).

378 2313 535 2376 FalsoVI
560 2315 612 2391 64,
637 2318 655 2374 2
680 2305 795 2373 εὐνόουν
818 2309 940 2387 plurimi
963 2309 1044 2372 codd.
1081 2308 1125 2371 cf.
1148 2307 1264 2370 ἕσπλων
1287 2310 1346 2370 VH
1365 2313 1417 2387 41,
1437 2313 1464 2371 2.

291 2415 409 2474 Atticos
432 2431 492 2473 non
515 2413 604 2471 aliter
628 2411 738 2472 dixisse
762 2428 852 2486 quem
875 2406 1046 2487 παλαίτερος
1068 2408 1256 2486 παλαίτατος,
1284 2408 1466 2488 σχολαίτερος

291 2507 475 2588 σχολαίτατος
498 2527 534 2567 ex
553 2510 708 2584 poctarum
731 2526 789 2567 usu
807 2525 866 2566 non
885 2506 959 2566 setis
978 2506 1091 2582 liquido
1110 2509 1237 2567 constet.
1274 2507 1353 2566 Nem
1371 2508 1465 2583 tregi-

294 2626 396 2666 corum
420 2606 519 2666 versui
542 2605 693 2682 longiores
716 2606 830 2664 formee
850 2605 929 2666 mele
948 2607 1036 2680 sptse
1054 2607 1149 2680 erent,
1172 2605 1352 2665 comicorum
1370 2607 1464 2664 metro

293 2705 443 2780 longiores
467 2704 498 2761 et
521 2701 673 2763 breviores
696 2701 802 2762 iisdem
827 2701 948 2762 sedibus
971 2700 1084 2779 pariter
1109 2703 1338 2777 conveniebant,
1367 2705 1411 2763 ite
1432 2706 1466 2762 ut

293 2800 372 2876 apud
393 2800 447 2860 hos
466 2800 555 2858 metri
573 2799 735 2860 necessitas
754 2799 833 2860 unde
853 2818 942 2860 verse
960 2800 1074 2860 formae
1092 2801 1231 2877 cognosci
1248 2801 1366 2876 possint
1383 2803 1466 2861 nulle

294 2898 342 2956 sit.
393 2897 461 2955 Non
491 2897 586 2973 igitur
618 2898 820 2958 emendandus
853 2898 901 2957 est
934 2896 1067 2958 Alexidis
1100 2915 1204 2958 versus
1237 2889 1320 2959 οίνον
1353 2893 1385 2958 δὲ
1416 2891 1466 2958 τὸν

293 2987 487 3054 παλαιότατον
506 2987 711 3074 σπουδάζομεν
729 2987 853 3076 (fragm.
874 3000 937 3058 278
957 2996 1037 3072 apud
1055 2987 1162 3077 Kock.)
1181 3014 1236 3056 nec
1254 2996 1341 3072 parvi
1359 2996 1466 3056 fecien-

293 3093 364 3152 dum
387 3091 489 3151 Photii
511 3093 731 3170 testimonium,
758 3095 836 3170 quod
860 3095 898 3154 ed
920 3093 1043 3153 Aelium
1065 3094 1244 3171 Dionysium
1266 3093 1332 3153 iure
1354 3095 1466 3154 reterre

275 3189 516 3250 .Herwerdenus
543 3190 673 3252 videtur:
697 3181 890 3271 παλαιότερον
912 3189 961 3252 καλ
983 3185 1057 3252 ὐίνεν
1080 3193 1132 3253 τοῦ
1156 3214 1171 3253 ο
1194 3188 1338 3272 λέγουσιν.

382 3287 519 3346 Fuerunt
546 3288 597 3364 qui
625 3287 837 3349 contenderent
860 3289 971 3350 Atticis
996 3291 1075 3350 soles
1099 3292 1267 3351 contrectes
1291 3292 1466 3367 compareti-

294 3403 400 3444 vorum
427 3384 459 3442 in
486 3405 529 3444 ων
555 3386 666 3446 formes
690 3385 721 3444 in
745 3403 802 3445 usu
824 3386 925 3446 fuisse.
973 3387 1032 3446 Sed
1054 3407 1114 3448 non
1137 3389 1234 3449 solum
1256 3391 1363 3464 podtee
1388 3407 1465 3448 scee-

294 3481 353 3542 nici
380 3481 517 3558 utrisque
545 3482 649 3542 formis
677 3486 805 3543 utuntur
831 3477 882 3563 (cf.
905 3483 1013 3543 Aesch.
1036 3485 1136 3546 Prom.
1160 3487 1234 3548 922.
1259 3487 1353 3546 1035.
1386 3486 1467 3546 Pers.

295 3583 368 3642 440.
398 3583 470 3641 813.
505 3579 608 3656 Suppl.
638 3585 709 3642 203.
743 3586 796 3658 Ag.
827 3584 899 3642 760.
933 3580 1062 3657 Ghodph.
1093 3585 1165 3642 905.
1199 3582 1286 3658 Soph.
1317 3584 1365 3644 Αἱ.
1394 3588 1466 3646 456.

296 3678 356 3739 08.
382 3680 476 3739 1374.
505 3678 576 3738 Ant.
601 3679 674 3738 313.
699 3681 771 3739 680.
800 3679 871 3741 Eur.
893 3680 977 3757 ¹Cycl.
1002 3684 1051 3741 10.
1082 3681 1145 3740 Alo.
1170 3683 1244 3740 433.
1273 3679 1375 3759 Suppl.
1397 3687 1467 3744 196.

276 3777 403 3837 'Troed
433 3778 528 3836 1059.
561 3776 607 3835 ΕΙ.
636 3777 709 3836 405.
741 3776 834 3838 Arist.
858 3778 931 3838 th.
958 3781 1051 3839 1078.
1084 3779 1160 3856 Itqu.
1185 3782 1258 3839 811.
1283 3781 1357 3840 861.
1389 3781 1467 3841 Nub.

298 3877 370 3935 113.
393 3876 464 3935 114.
484 3876 558 3934 432.
580 3872 668 3950 Vesp.
690 3876 763 3934 806.
785 3875 865 3935 Plut.
886 3870 975 3959 559),
995 3878 1047 3936 sed
1067 3878 1158 3937 etiem
1175 3876 1207 3934 in
1225 3877 1468 3953 inscriptionibus

297 3973 413 4032 solutae
434 3973 547 4033 formes
565 3971 767 4045 inveniuntur,
790 3974 878 4049 idque
900 3995 960 4035 non
983 3975 1080 4034 solum
1103 3973 1221 4052 μείζονα
1243 3975 1275 4033 in
1297 3974 1468 4036 hexametro

297 4070 496 4131 61411555
522 4072 554 4130 et
576 4067 697 4128 πλείονα
720 4069 857 4146 πλείονας
879 4073 911 4132 in
933 4073 1022 4132 titulo
1045 4071 1185 4131 Sullanae
1208 4073 1317 4132 eetetIs
1337 4067 1469 4153 (011ss

298 4170 372 4244 628,
398 4171 447 4226 11.
471 4162 542 4247 32),
566 4167 617 4228 sed
641 4169 733 4226 etiem
755 4169 788 4227 in
809 4171 932 4248 entique
955 4170 1133 4248 populiscito
1162 4161 1242 4251 (418
1268 4189 1294 4230 e.
1318 4163 1386 4252 Ch.)
1414 4171 1467 4232 ΕΑ

300 4267 385 4325 1884
409 4286 437 4341 p.
463 4268 536 4343 163,
562 4270 578 4325 1
605 4260 736 4336 ὐλείζονα
762 4262 880 4328 πλέονα.
926 4268 1026 4327 Etiam
1054 4268 1085 4325 in
1112 4267 1232 4328 foedere
1256 4287 1273 4326 e
1297 4268 1351 4327 Th.
1376 4269 1402 4326 V
1426 4271 1466 4329 47

299 4365 448 4441 exscripto
468 4363 487 4441 ξ
509 4369 527 4426 6
548 4366 641 4426 fuisse
664 4363 785 4424 πλείονα
807 4366 978 4426 litterarum
996 4383 1119 4424 numero
1138 4365 1176 4423 ed
1195 4366 1385 4442 complendas
1405 4367 1468 4426 eius

298 4459 441 4538 reliquies
465 4455 548 4543 (011
571 4461 614 4520 IV
638 4451 921 4542 commessatio
945 4463 1080 4524 effioItur.
