3322 5138
654 421 873 484 ,29-

175 590 273 648 dinem
299 588 433 648 revocari
457 590 576 662 queant.
623 585 722 661 Atque
751 586 781 643 in
805 585 940 645 Platonis
963 581 1084 661 quidem
1107 587 1170 646 loco
1193 586 1349 645 fatendum

176 693 223 746 est
247 689 301 745 hoc
324 687 397 765 fieri,
412 705 473 764 non
494 705 591 760 posse.
638 685 695 744 Sed
720 686 781 744 sive
806 683 1009 760 Thucydidem
1034 686 1153 743 secutus
1178 703 1242 742 esse
1265 688 1350 760 puta·

174 789 238 858 tur,
268 804 335 842 cum
363 803 428 843 eam
457 784 514 842 sibi
540 785 716 842 concederet
737 781 902 858 licentiam,
931 782 993 841 siue
1017 781 1081 856 ipse
1105 800 1158 839 sua
1182 784 1288 855 sponte
1311 779 1349 837 ad
1419 835 1421 839 .

176 883 301 941 eandem
325 882 484 940 dictionem
507 882 671 958 devenisse,
695 881 858 956 permirum
882 883 975 954 esset,
999 881 1024 938 si
1047 879 1078 937 in
1100 882 1148 964 ¹tot
1170 880 1349 954 scriptorum

175 981 377 1040 voluminibus
401 998 461 1037 uno
484 980 549 1038 loco
573 999 640 1038 eam
663 979 722 1038 sibi
744 977 938 1053 permisisset.
976 976 1050 1037 Cum
1068 977 1163 1053 igitur
1183 977 1233 1036 vel
1255 997 1292 1034 ea
1309 978 1350 1035 'de

175 1096 266 1136 cause
290 1080 446 1151 suspectus
471 1077 510 1134 sit
533 1078 615 1135 locus
635 1075 816 1152 Platonicus,
839 1095 875 1132 ex
894 1074 1095 1150 Thucydideis
1115 1092 1205 1130 unum
1229 1074 1350 1148 corrup·

174 1178 241 1233 tum
264 1193 329 1233 esse
352 1175 440 1232 facile
464 1177 597 1250 apparet.
644 1175 722 1232 Nam
745 1171 788 1229 VI
814 1175 842 1246 1,
867 1175 896 1250 2,
919 1174 1037 1232 etiamsi
1065 1171 1221 1230 mittamus
1249 1171 1349 1228 incon-

174 1263 345 1331 'venientem
375 1272 548 1348 articulum,
575 1273 675 1347 ipsum
697 1270 888 1346 participium
912 1273 994 1330 nullo
1018 1271 1105 1328 modo
1128 1271 1226 1327 locum
1249 1267 1348 1326 habet.

176 1369 283 1428 Active
312 1370 389 1427 enim
418 1370 465 1428 hic
492 1390 552 1428 non
580 1353 675 1444 magis
704 1369 763 1427 dici
790 1373 890 1444 potest
915 1362 1010 1445 αὐτην
1033 1367 1139 1445 διεῖργε
1162 1358 1202 1442 μὴ
1225 1359 1349 1442 ἤπειρον

175 1455 270 1526 οὖσαν
292 1487 346 1542 pro
371 1460 410 1544 μη
434 1461 558 1544 ἤπειρον
581 1459 656 1526 εἶναι
679 1486 768 1542 quam
792 1467 837 1524 III
864 1470 891 1540 1,
917 1470 932 1524 1
965 1459 1062 1544 εἶργον
1085 1458 1117 1524 τδ
1141 1457 1179 1542 μὴ
1205 1511 1210 1522 .
1236 1508 1243 1522 .
1266 1509 1273 1521 .
1297 1486 1349 1521 τια-

175 1567 325 1643 κοοργοῦν
352 1583 406 1639 pro
433 1558 464 1623 τὸ
493 1559 531 1642 μὴ
561 1611 568 1623 .
592 1611 599 1623 .
623 1610 631 1625 .
658 1567 834 1643 κακουργεῖν
862 1568 916 1622 aut
943 1563 1041 1640 Soph.¹
1063 1565 1111 1622 Ai.
1141 1565 1182 1621 70
1211 1554 1349 1638 ὀμμάτων

175 1656 383 1740 ἆποστρόφονς
414 1695 451 1702 -
482 1656 575 1740 αὐγδις
603 1655 729 1738 ἆιτείρξω
758 1655 815 1740 σὴν
839 1656 990 1740 πρόσοψιν
1014 1656 1180 1732 εἰσιδούσας
1202 1679 1256 1734 pro
1280 1658 1350 1717 εἰσι-

176 1759 247 1817 δεῖν.
300 1759 378 1817 Nam
410 1760 457 1818 his
489 1761 561 1818 Iocis
594 1761 731 1819 omnibus
764 1761 956 1836 participium
989 1761 1021 1819 in
1054 1780 1086 1818 re
1115 1777 1192 1834 quae
1226 1778 1285 1817 nou
1312 1757 1348 1816 fit

176 1861 230 1915 aut
252 1858 334 1915 facta
356 1860 403 1915 est
426 1858 479 1916 sed
502 1878 539 1916 ue
563 1858 615 1916 fiat
635 1858 811 1933 prohibetur
830 1876 954 1932 prorsus
973 1860 1078 1916 contra
1097 1856 1276 1915 sententiam
1294 1858 1350 1912 est.

174 1954 258 2013 Idem
287 1955 415 2014 sensisse
442 1957 562 2015 videtur
591 1955 764 2030 Classenus,
797 1954 848 2028 qui
876 1955 1040 2029 genuinum
1069 1947 1143 2013 εἶναι
1173 1972 1351 2028 praegresso

175 2041 251 2111 odon
274 2052 333 2111 sibi
356 2055 451 2113 videri
473 2058 678 2136 permutatum
701 2073 767 2112 esse
790 2054 871 2109 recte
895 2051 978 2113 dixit.
1025 2053 1125 2128 Atque
1152 2051 1252 2125 ipsum
1276 2042 1352 2108 εἶναι

175 2151 301 2224 praebet
327 2150 379 2230 Η.,
407 2170 482 2227 quae
510 2153 581 2212 licet
608 2155 778 2211 correctura
806 2150 846 2207 sit
879 2141 942 2230 (hic
971 2150 1049 2208 enim
1074 2150 1154 2217 Iiber
1184 2148 1350 2221 descriptus

175 2250 296 2307 videtur
324 2269 390 2308 esse
418 2269 454 2308 ex
477 2250 561 2326 vau,
590 2250 641 2324 qui
669 2268 734 2307 cum
764 2247 887 2323 reliquis
911 2235 986 2306 οὖσα
1009 2239 1128 2327 habet),
1157 2263 1228 2304 vera
1250 2249 1351 2304 tamen

176 2350 223 2403 est
247 2349 417 2406 correctura
440 2348 615 2405 confirmata
637 2367 697 2405 nun
721 2345 816 2405 solum
847 2364 865 2402 a
887 2346 1040 2404 Demetrio
1069 2347 1104 2403 de
1128 2343 1244 2402 Elocut.
1268 2340 1288 2417 ξ
1310 2345 1349 2400 72

176 2437 315 2516 ὡσαύτως
337 2442 387 2502 καί
410 2439 442 2503 τὸ
466 2439 505 2522 μὴ
530 2439 651 2522 ἤπειρος
677 2437 752 2502 εἶναι
773 2437 804 2501 τδ
832 2442 1048 2504 Θουκυδίδειον
1076 2443 1142 2519 ipsa
1164 2441 1258 2502 verba
1281 2443 1351 2500 affe-

175 2545 274 2618 rente,
307 2543 359 2600 sed
388 2542 478 2601 etiam
509 2541 652 2619 Polyaeni
685 2545 716 2600 et
745 2541 881 2615 Procopii
913 2560 948 2599 ea
981 2541 1163 2600 imitantium
1196 2559 1350 2598 consensu.

177 2639 220 2698 Cf.
251 2641 328 2699 enim
356 2641 477 2717 Polyae.
501 2641 531 2698 ΙΙ
562 2644 589 2718 2,
620 2643 639 2699 4
668 2637 803 2721 ἐλαχίστῳ
833 2635 1036 2717 διειργομὲνην
1063 2639 1162 2720 ἰσθμῷ
1190 2631 1229 2714 μὴ
1258 2641 1352 2713 νῆσον

176 2729 252 2795 εἶναι
276 2740 307 2812 et
329 2738 449 2813 Procop.
474 2738 510 2797 de
533 2740 604 2799 bell.
628 2739 710 2797 Pers.
733 2738 748 2794 I
774 2739 813 2796 19
843 2730 971 2820 τοσούτῳ
998 2730 1054 2816 γδιρ
1081 2735 1234 2813 διείργεται
1256 2727 1288 2793 τὸ
1311 2728 1350 2811 μὴ

176 2829 388 2906 ἕπιθαίοίσσιος
416 2828 506 2911 εἶναι,
534 2837 571 2894 de
599 2836 668 2895 bell.
694 2836 782 2895 Goth.
806 2834 821 2891 I
846 2839 862 2892 1
893 2834 981 2894 δυοῖν
1009 2833 1139 2893 σταδίοιν
1166 2829 1351 2912 διειργομίνη

129 2917 134 2928 ’
176 2929 269 3012 μέτρῳ
296 2926 329 2992 τὸ
357 2927 395 3010 μὴ
424 2929 636 3004 ἕποθαλοίσσιος
664 2925 753 3007 εἶναι,
780 2934 795 2990 Ι
821 2935 861 2992 26
893 2929 983 3014 μέτρῳ
1011 2925 1068 3012 γδιρ
1096 2925 1222 3012 τοσούτῳ
1250 2925 1282 2991 τὸ
1311 2925 1349 3008 μὴ

176 3028 373 3089 ἕποδαλασσία
397 3023 473 3090 εἶναι
496 3029 649 3110 διείργεται
667 3023 776 3107 Ῥώμη,
800 3031 836 3088 de
859 3031 958 3089 Aedis.
978 3030 1019 3088 IV
1043 3033 1083 3089 10
1106 3028 1206 3110 ἰσθμῷ
1230 3028 1351 3106 διειργο-

177 3126 250 3206 μὲνη
275 3128 380 3207 βραχεῖ
397 3122 437 3206 μὴ
457 3130 549 3205 νῆσος
567 3122 753 3187 παντάπασιν
773 3120 855 3186 εἶναι.
893 3128 958 3186 Hoc
977 3127 1072 3204 igitur
1090 3128 1155 3186 loeo
1174 3145 1241 3186 eum
1260 3127 1355 3201 parti-

177 3223 287 3302 cipium
306 3227 477 3302 corruptela
495 3229 594 3284 ortum
614 3227 662 3302 eit,
687 3225 762 3283 VIII
783 3227 855 3302 105,
876 3228 894 3283 2
918 3226 1062 3284 librorum
1082 3226 1226 3284 memoria
1245 3225 1352 3283 discre-

177 3328 237 3398 pat.
289 3324 367 3380 Nam
399 3324 488 3382 multi
521 3324 604 3396 libri,
637 3325 716 3381 inter
748 3341 822 3398 quos
854 3323 944 3381 Laur.
978 3327 1008 3382 et
1038 3324 1115 3401 Pal.,
1148 3317 1266 3382 διώκειν
1297 3341 1352 3397 pro

180 3418 336 3494 διώκοντες
367 3423 492 3499 habent,
527 3424 558 3480 et
588 3422 803 3497 vituperandus
837 3424 884 3480 est
915 3419 1075 3481 Classenus
1107 3421 1186 3498 quod
1213 3421 1353 3479 Vaticani

178 3520 357 3580 auctoritate
384 3521 509 3579 nimium
538 3520 681 3595 confisus,
715 3520 739 3577 si
768 3520 926 3595 quicquam
955 3519 1131 3578 mutandum
1160 3519 1214 3596 sir,
1244 3513 1294 3577 διδι
1320 3513 1352 3578 τὸ

176 3621 318 3697 κρατῆσαι
347 3620 477 3678 scribere
505 3621 622 3678 mavult
649 3637 738 3694 quam
766 3618 893 3676 alteram
920 3618 1053 3678 codicum
1077 3617 1256 3691 scripturam
1279 3617 1351 3675 reci·

178 3737 261 3793 pere,
295 3735 371 3794 quae
404 3718 492 3792 plane
525 3717 650 3777 eandem
684 3716 863 3775 sententiam
895 3717 1030 3791 praebet.
1085 3716 1164 3772 Nam
1197 3704 1353 3785 diuinorum

178 3818 264 3891 patet
286 3835 322 3874 ex
340 3834 517 3891 praegresso
537 3808 730 3892 κρατήσαντες
749 3817 849 3873 ortum
868 3833 933 3874 esse
954 3815 1092 3873 similiter
1111 3815 1201 3888 atquc
1220 3813 1263 3870 VI
1285 3815 1312 3888 1,
1333 3815 1350 3869 2

179 3902 253 3972 οὖσα
277 3934 313 3971 ex
337 3914 489 3988 superiore
513 3901 600 3988 οὖσα,
629 3915 659 3970 et
688 3912 752 3986 pari
781 3911 855 3971 vitio
883 3912 915 3971 tn
937 3913 1006 3971 Vat.
1029 3912 1074 3971 IV
1098 3914 1148 3983 35,
1174 3913 1189 3967 1
1216 3899 1353 3985 ἀναστρέ-

179 4033 285 4087 φοντες
303 4033 358 4087 pro
378 4005 616 4090 ἀναστρέφεσθαι
635 4015 667 4070 et
684 4011 699 4068 I
721 4013 792 4088 141,
812 4013 832 4068 4
852 4012 883 4068 in
904 4011 1041 4069 omnibus
1065 4009 1151 4067 libris
1174 4009 1353 4083 πληροῦντες

178 4131 232 4185 pro
260 4112 394 4187 πληροῦν
423 4111 568 4184 scriptum
597 4113 655 4182 est,
685 4108 763 4185 quod
791 4108 958 4168 certissima
986 4107 1192 4166 emendatione
1219 4104 1354 4162 restituit

179 4208 409 4266 Herwerdenus.
461 4207 572 4283 Utique
605 4209 653 4267 hie
687 4208 770 4264 locus
807 4206 845 4264 ad
882 4206 1023 4264 tuendam
1061 4206 1233 4264 abnormem
1269 4202 1352 4259 illam

180 4311 362 4364 structuram
382 4307 484 4363 afferri
506 4307 618 4382 nequit.
652 4305 735 4373 Quod
756 4303 792 4362 ad
811 4285 942 4378 reliquos
962 4304 1040 4362 locos
1060 4302 1178 4378 attinet,
1197 4301 1233 4358 de
1251 4299 1266 4356 I
1284 4302 1312 4374 2,
1333 4302 1351 4357 5

181 4401 340 4461 Classenus
370 4407 400 4460 et
423 4399 683 4461 Reifferscheidius
712 4420 827 4460 mecum
857 4401 1046 4457 consentiunt
1075 4395 1107 4456 ἔτι
1131 4399 1184 4456 τοῦ
1206 4395 1253 4456 ἐπὶ
1276 4401 1352 4456 πλεῖ-

180 4517 247 4560 στον
272 4501 453 4575 iungendum
479 4519 554 4577 esse,
577 4503 608 4558 et
627 4501 654 4556 V
675 4503 703 4576 7,
724 4503 741 4556 2
762 4498 1025 4556 Reifferscheidius
1047 4495 1253 4569 comprobavit
1274 4496 1352 4570 quod
