3322 5138
676 433 891 496 „53-

192 589 387 677 Βρομίοκον)
408 597 579 657 auctoribus
599 598 709 658 Herod.
728 597 743 655 Ι
765 599 838 673 153,
858 598 900 658 20
922 600 954 656 et
972 596 1073 674 steph.
1094 599 1164 676 Byr.
1185 600 1373 659 scribendum

193 700 249 756 est.
287 696 331 754 De
351 693 502 774 Cynuriae
522 697 630 772 oppido
650 695 730 771 quod
749 694 776 752 V
795 698 848 772 41,
867 697 887 752 4
906 695 937 754 in
959 696 1027 755 aliis
1051 698 1134 756 codd.
1155 691 1319 775 Ἀνθήνην,
1341 699 1374 756 in

193 793 262 852 aliis
282 785 419 871 Ἀθήνην
443 812 509 853 esse
533 794 671 868 traditur,
696 813 763 852 cum
786 792 862 850 illud
881 792 968 852 Paus.
988 792 1021 852 II
1041 795 1092 868 38,
1113 797 1130 853 6
1151 796 1183 853 et
1202 793 1282 854 Suid.
1302 813 1325 854 s.
1344 816 1371 855 v.

189 883 365 968 Ἀθήνησιν,
388 892 443 951 boc
467 891 610 967 Harpocr.
635 895 666 950 et
689 887 765 952 Plin.
789 889 827 950 Η.
849 891 888 948 N.
911 889 954 948 IV
980 893 1009 967 5,
1036 893 1074 950 16
1100 892 1244 968 habeant,
1269 897 1371 954 utrum

193 990 249 1048 Th.
278 990 431 1064 scripserit
458 989 586 1050 discerni
609 989 727 1065 nequit,
755 989 933 1064 praesertim
956 1008 1023 1048 cum
1047 987 1158 1051 Herod.
1181 990 1197 1048 I
1222 994 1294 1066 330,
1319 995 1371 1054 23.

194 1091 269 1160 331,
294 1090 335 1146 20
365 1089 523 1164 utramque
550 1089 679 1146 formam
707 1105 868 1163 agnoscere
890 1087 1038 1147 videatur.
1084 1086 1112 1143 V
1135 1089 1187 1163 42,
1218 1092 1233 1148 1
1265 1091 1371 1166 optimi

192 1185 276 1245 codd.
301 1178 513 1263 Ἀνδρομέδης,
541 1186 652 1261 reliqui
675 1177 880 1263 Ἀνδρομένης.
926 1183 1016 1243 Prius
1044 1203 1152 1244 nomen
1180 1203 1239 1243 non
1262 1189 1369 1248 exstat.

192 1282 280 1352 Quod
304 1283 382 1340 enim
401 1282 547 1342 muliebre
566 1281 775 1341 Andromedae
793 1301 903 1340 nornen
922 1281 1061 1359 afferunt,
1083 1283 1153 1341 huic
1172 1285 1369 1344 masculinum

188 1373 396 1458 Ἀνδρομέδην
430 1379 624 1455 responderet
657 1373 708 1457 (ef.
740 1371 905 1456 Εύρομέδη
937 1371 1155 1460 Εύρομέδον),
1187 1384 1218 1440 et
1249 1385 1370 1457 praeter

192 1474 303 1556 -μὲδων
326 1474 545 1538 masculinam
568 1470 680 1555 -μήδης
703 1479 819 1537 exeunt.
860 1477 903 1536 VI
928 1478 957 1550 4,
982 1481 999 1535 1
1025 1477 1095 1536 libri
1118 1477 1196 1537 inter
1222 1471 1369 1556 Τρύτιίον

192 1580 222 1636 et
246 1569 401 1655 Ilpro‘rrtov
425 1576 556 1652 variant,
586 1575 661 1634 Illud
685 1574 842 1634 confirmat
864 1573 1006 1652 Polyaen.
1030 1574 1058 1632 V
1082 1577 1111 1650 5,
1137 1579 1164 1652 2,
1191 1577 1274 1637 cuius
1298 1577 1368 1638 libri

129 1693 131 1700 ⁴
194 1666 325 1750 Τρύιλον
356 1673 475 1733 habent.
531 1671 605 1730 VIII
639 1674 667 1749 6,
701 1674 719 1732 5
759 1690 795 1730 ex
830 1672 912 1730 codd.
947 1673 1126 1733 auctoritate
1163 1673 1240 1734 falso
1278 1675 1369 1735 scribi

191 1770 405 1850 Μελαμκρίδοιν
437 1769 651 1850 Μελαγκρίδον
683 1788 737 1846 pro
766 1767 979 1848 Μελαγχρίδαν
1007 1769 1218 1851 Μελαγχρίδον
1251 1765 1368 1854 (Vallat

190 1888 258 1928 cum
284 1867 466 1927 Melancrida
496 1916 503 1928 .
528 1914 535 1927 .
560 1916 565 1928 .
594 1887 648 1944 pro
678 1862 897 1947 Melanchrida)
932 1868 1144 1930 animadvertit
1176 1870 1303 1932 Meinek.
1337 1874 1368 1931 in

191 1967 293 2026 Herm.
317 1965 365 2025 III
391 1986 421 2041 p.
445 1967 517 2024 361.
564 1964 609 2023 De
637 1965 756 2025 nomine
779 1964 995 2045 Στρομβιχίδης
1023 1957 1067 2047 (v.
1094 1968 1114 2027 l.
1138 1962 1367 2052 Στρομμιχίδης)

190 2066 226 2124 cf.
246 2058 428 2142 Στρόμβιχος
448 2062 515 2121 CIA
533 2061 549 2119 I
568 2064 640 2121 236.
662 2064 734 2122 310.
759 2062 816 2123 Th.
840 2062 915 2121 VIII
936 2065 985 2140 24,
1006 2066 1024 2122 3
1050 2063 1182 2146 sorana
1207 2057 1266 2145 (sic
1285 2067 1367 2127 solus

189 2185 233 2240 pr.
261 2163 344 2236 Vat,
372 2160 480 2236 reliqui
508 2152 656 2243 Botiooqr)
690 2161 845 2236 scripsisse
872 2162 1003 2220 testatur
1030 2161 1140 2222 Herod.
1168 2162 1184 2219 I
1214 2164 1286 2236 212,
1315 2166 1365 2225 22.

188 2261 220 2320 II
251 2262 326 2337 483,
360 2264 387 2320 1.
437 2259 483 2318 De
515 2257 634 2317 nomine
666 2257 853 2336 Σκιρωνίδης
886 2249 963 2339 (sine
997 2261 1027 2316 Σ
1054 2257 1122 2318 Vat.
1151 2259 1227 2318 VIII
1255 2263 1306 2337 25,
1337 2264 1365 2323 1.

190 2361 241 2435 54,
266 2350 300 2438 3)
329 2358 365 2417 cf.
389 2356 604 2415 Pseudo-Dem.
628 2357 730 2416 LVIII
756 2361 805 2416 17.
833 2353 1043 2416 Λαισπονδίαν
1067 2358 1172 2432 optimi
1195 2357 1266 2416 libri
1290 2358 1365 2418 VIII

190 2459 240 2530 86,
270 2459 299 2530 9,
328 2455 382 2515 sed
403 2451 595 2515 Λοιοποδίον
624 2474 726 2515 omnes
750 2454 794 2512 VI
818 2457 890 2530 105,
919 2456 949 2532 2,
976 2472 1104 2530 quocum
1131 2456 1167 2515 cf.
1191 2454 1284 2516 Arist.
1308 2456 1364 2519 Av.

190 2557 286 2614 1560.
311 2543 436 2628 Antiph.
458 2553 565 2630 fragm.
592 2553 667 2612 VIII
691 2544 753 2632 (ed.
775 2547 895 2630 Blass.).
942 2551 999 2610 Pro
1024 2545 1145 2624 Εύύλος
1168 2552 1243 2633 VIII
1267 2557 1319 2630 22,
1345 2559 1361 2615 1

187 2671 232 2726 pr.
254 2650 325 2709 Vat.
348 2643 487 2736 Εύύδος;
516 2651 567 2708 sed
596 2653 659 2722 -λας
687 2674 729 2696 =
758 2653 840 2720 -λοιος
868 2651 899 2707 et
926 2641 981 2706 εύύ
1010 2673 1051 2695 =
1080 2638 1134 2726 εύη
1162 2650 1195 2708 in
1222 2642 1364 2730 εύημενής

188 2749 274 2808 Hom.
299 2748 334 2809 Il.
358 2748 401 2806 XI
424 2749 497 2807 427.

277 2847 337 2905 Pro
365 2841 451 2904 ἕνεκα
479 2846 609 2922 optimae
636 2846 826 2906 membranae
849 2843 865 2902 I
889 2843 940 2919 68,
967 2845 985 2901 2
1014 2838 1114 2902 ἕνεκεν
1141 2846 1172 2902 et
1200 2843 1242 2902 VI
1266 2847 1318 2922 56,
1343 2849 1361 2905 3

188 2938 306 3020 ούνεκο,
319 2929 411 3004 ΙοοΙοο
434 2942 505 3002 Vat.
528 2943 603 3002 VIII
626 2945 715 3018 69,1
741 2940 846 3002 εἵνεκα.
891 2939 970 2998 Vere
993 2938 1113 3000 videtur
1136 2940 1234 3001 dIcere
1258 2943 1362 3003 Thom.

188 3043 267 3118 Mag.
291 3063 318 3118 p.
346 3044 417 3118 151,
442 3045 460 3102 5
493 3040 683 3119 Θονκυδίδης
710 3033 756 3100 ἀεὶ
783 3036 883 3115 ἕνεκα,
912 3055 1081 3114 quanquam
1110 3039 1174 3098 eius
1197 3041 1361 3100 auctoritas

186 3158 240 3214 per
269 3158 301 3199 se
329 3158 388 3198 non
416 3139 545 3199 multum
573 3141 668 3217 valet,
696 3159 763 3200 cum
786 3138 863 3196 libro
887 3154 959 3196 usus
983 3135 1023 3195 sit
1045 3139 1217 3198 nostrorum
1240 3139 1361 3215 optimis

188 3255 285 3312 neque
304 3237 472 3312 antiquiore
490 3255 587 3313 neque
605 3238 737 3296 meliore.
774 3237 853 3296 Nam
872 3235 903 3294 in
926 3235 1024 3295 tibullo
1044 3235 1151 3295 Atticis
1175 3239 1244 3297 ante
1264 3237 1361 3297 Mace-

192 3334 327 3395 donicam
355 3337 487 3394 aetatem
514 3331 613 3395 ἕνεκεν
640 3344 699 3394 non
726 3335 879 3394 invenitur
906 3334 938 3392 et
964 3325 1073 3393 ούνενο
1095 3353 1150 3410 pro
1173 3327 1217 3394 ὅτι
1240 3339 1287 3396 est
1310 3329 1361 3416 (cl.

187 3431 340 3492 Meisterh.
364 3430 383 3507 ἓ
404 3435 455 3509 49,
479 3424 529 3512 8);
557 3431 653 3492 εἵνεκα
681 3434 783 3492 autem
810 3450 869 3491 uno
893 3431 958 3492 loco
982 3432 1068 3491 unius
1093 3433 1156 3492 cod.
1181 3433 1360 3500 auctoritate

187 3547 244 3590 non
268 3530 342 3589 satis
365 3529 486 3589 videtur
508 3530 635 3590 defendi.

274 3625 340 3686 Iam
364 3626 402 3685 ad
424 3627 637 3687 vocabulorum
657 3627 870 3687 declinationes
889 3629 1086 3686 transeamus.
1106 3621 1222 3705 Ἐφύρη
1241 3629 1359 3705 Ι46,4

187 3743 254 3784 cum
276 3723 337 3784 iam
358 3723 469 3784 Herod.
493 3724 607 3801 1340,
633 3726 673 3784 14
700 3725 811 3801 legerit
837 3724 868 3782 in
892 3717 1010 3803 Ἐφύροι
1037 3728 1154 3784 mutare
1178 3724 1359 3803 dubitamus,

186 3822 363 3897 praesertim
382 3840 449 3880 cum
468 3822 524 3882 Th.
545 3841 653 3882 nomen
671 3840 708 3881 ex
726 3820 814 3881 Hom.
833 3819 887 3881 0d.
906 3821 922 3879 Ι
943 3824 1016 3882 259.
1038 3822 1069 3880 Π
1089 3823 1162 3899 328,
1184 3822 1237 3880 ubi
1255 3823 1359 3882 eadem

186 3921 257 3979 urbs
286 3917 448 3995 significari
475 3920 641 3996 videretur,
669 3921 799 3981 retinere
826 3920 967 3994 potnerit.
1013 3920 1077 3979 Nec
1105 3919 1203 3979 minus
1235 3913 1358 3980 Φύσκον

186 4015 215 4074 II
244 4018 295 4092 99,
323 4018 341 4076 5
371 4020 505 4093 tuemur,
532 4036 703 4094 quanquam
731 4037 749 4076 a
776 4018 900 4077 Ptolem.
930 4017 976 4076 ΠΙ
1007 4020 1056 4094 13,
1086 4019 1126 4078 36
1157 4011 1273 4077 Φύσκον
1302 4019 1359 4078 hoc

185 4114 376 4176 Macedoniae
408 4115 550 4192 oppidum
582 4120 706 4177 vocatur
739 4107 873 4197 (Φύσκος
905 4115 1008 4193 Stepb.
1041 4117 1111 4194 Byr.
1144 4117 1272 4175 fortasse
1304 4135 1358 4191 per

186 4205 341 4292 errorem).
388 4213 431 4274 cf.
459 4209 603 4294 Κεγχρειύ
630 4213 793 4293 Κεγχρειοί.
839 4211 952 4273 Contra
978 4213 1130 4292 Πολίχνην
1153 4213 1227 4272 VIII
1253 4209 1304 4291 14,
1329 4217 1356 4274 3.

187 4313 236 4388 23,
257 4314 286 4390 6,
309 4312 387 4388 quod
412 4312 494 4371 solus
514 4312 586 4388 Reg.
609 4312 740 4371 servavit
759 4303 881 4390 (reliqui
899 4304 1075 4389 Πολίχνον),
1098 4310 1153 4370 Th.
1173 4310 1357 4372 reddendum

185 4427 250 4468 esse
282 4410 438 4484 putamus,
470 4429 537 4470 cum
569 4429 677 4469 nomen
708 4409 922 4484 appellativum
957 4407 1065 4467 Atticis
1098 4409 1139 4468 sii
1170 4407 1292 4488 πολίχνη
1325 4411 1357 4470 et

185 4505 339 4588 proprium
357 4507 450 4566 Ionici
473 4507 574 4583 oppidi
595 4525 704 4568 nomen
727 4498 875 4589 (Πολίηνο
898 4507 1058 4568 secundum
1078 4506 1188 4568 Herod
1207 4505 1223 4568 I
1242 4510 1315 4586 327,
1335 4509 1354 4566 4
