3322 5138
710 424 905 486 -ρ,

219 589 272 649 ubi
287 588 383 648 oratio
403 593 485 649 recta
500 583 540 666 ήν
559 609 601 669 πῃ
619 585 668 646 καί
683 587 757 672 δοκῇ
773 582 900 648 δυνατόν
915 581 989 648 εῖναι
1004 593 1094 666 σχεῖν,
1112 582 1276 650 ἆποκνούσι
1290 593 1390 666 postu·

218 688 269 746 let.
317 685 373 744 Hic
400 687 494 762 igitur
523 688 639 746 duabus
667 687 703 745 de
731 688 829 746 causis
857 682 896 746 ύν
919 688 1024 746 abesse
1048 687 1145 746 debet.
1192 687 1277 756 Quod
1300 689 1394 764 igitur

218 785 264 843 his
289 785 360 843 locis
384 804 421 844 ne
445 786 541 845 oratio
565 785 685 861 quidem
708 788 789 843 recte
812 786 844 843 in
866 785 990 860 spodosi
1017 777 1056 842 ύν
1084 785 1231 859 admittit,
1260 785 1340 844 idem
1363 787 1394 844 in

217 883 334 958 relique
366 883 469 942 omissi
503 877 541 942 δίν
574 885 710 957 exemplo
740 883 832 942 velet.
887 883 1064 942 Adscribum
1097 901 1133 940 ee
1164 885 1195 942 in
1228 883 1391 943 orationem

218 981 330 1038 rectam
353 999 510 1042 converse:
538 979 582 1039 IV
607 983 634 1054 3,
661 983 679 1039 3
703 981 810 1039 πολλαί
833 978 907 1039 εἰσιν
930 974 1019 1059 δίκραι
1042 974 1147 1058 ἐρήμοι
1168 984 1219 1058 τῆς
1243 984 1393 1042 Πελοπον-

217 1070 322 1154 νήσου,
345 1073 385 1155 ήν
408 1073 549 1157 βούληται
571 1071 808 1156 καταλαμβάνων.
825 1070 879 1155 τήν
897 1071 984 1136 πόλιν
1004 1076 1151 1156 δαπανᾶν,
1176 1081 1284 1156 V116,
1306 1082 1321 1137 1
1343 1077 1391 1138 καί

217 1165 257 1251 ήν
280 1171 387 1235 ἐκεῖνοι
410 1170 449 1254 μή
473 1172 596 1236 ἐθέλωσι
619 1169 713 1254 μύχής
736 1167 1032 1254 δι’ρχειν,ψοἰναμκαι”ον
1055 1169 1154 1248 αύτοῖς
1177 1174 1255 1236 ἐστιν
1278 1171 1317 1255 μή
1341 1199 1392 1236 πε-

216 1273 321 1349 ριορᾶν
344 1269 657 1351 παροικοδομοίίμενον
680 1266 712 1333 τὸ
735 1278 836 1352 τεῖχος.

307 1369 441 1430 Similem
459 1371 520 1430 vim
540 1375 630 1446 etque
649 1363 702 1429 ἐύν
725 1389 791 1428 cum
816 1371 1003 1430 coniunctivo
1028 1372 1119 1430 hebet
1142 1371 1168 1431 εί
1190 1393 1258 1431 cum
1280 1373 1390 1432 indice-

216 1470 279 1528 tivo
307 1469 409 1529 futuri.
461 1471 631 1529 infinitivus
659 1468 754 1526 futuri
782 1469 812 1527 in
840 1469 995 1527 enuntiato
1023 1489 1042 1528 e
1069 1471 1160 1529 uerbo
1190 1473 1315 1546 putandi
1343 1474 1392 1532 vel

217 1567 332 1626 dicendi
358 1567 507 1642 pendente
536 1568 670 1643 sequitur
694 1566 740 1624 III
767 1569 817 1640 32,
847 1569 874 1626 2.
907 1567 951 1625 IV
978 1571 1049 1640 120,
1079 1571 1097 1626 3
1128 1561 1209 1649 (cum
1238 1570 1391 1644 Kruegero

216 1663 291 1724 εἴτε
313 1655 468 1742 τεθήσεται
491 1667 649 1741 legendum
674 1658 735 1744 est)
765 1663 837 1722 VIII
864 1666 914 1736 86,
940 1667 957 1723 7
988 1664 1115 1740 aliisque
1144 1666 1229 1741 loric,
1257 1659 1295 1725 ύν
1323 1687 1389 1726 cum

214 1763 267 1821 inf.
290 1781 386 1838 praes.
410 1764 478 1822 hoc:
507 1763 550 1820 VI
575 1765 626 1840 34,
651 1766 669 1821 2
700 1761 726 1821 εί
752 1755 820 1821 τύδε
843 1754 1036 1838 προήσονται,
1064 1755 1122 1821 κᾶν
1145 1767 1229 1840 σφεῖς
1252 1761 1285 1822 ἐν
1306 1757 1389 1847 πόνῳ

216 1852 299 1918 εἶναι.
345 1859 506 1918 Diversum
534 1863 635 1918 autem
663 1865 710 1918 est
732 1860 807 1918 VIII
832 1861 883 1934 45,
907 1861 926 1918 5
954 1853 1006 1931 τδις
1034 1854 1061 1918 δ’
1090 1855 1179 1933 ύλλας
1206 1855 1304 1934 πόλεις
1331 1860 1389 1940 ἔφη

217 1951 331 2018 ύδικεῖν
355 2003 361 2016 .
381 2000 402 2032 .,
430 1957 455 2016 εἰ
481 1951 521 2036 μή
550 1954 598 2016 καὶ
622 1960 678 2016 νύν
700 1960 825 2018 τοσαῦτα
849 2003 855 2016 .
876 2005 882 2016 .
906 1950 1111 2034 ἐθελήσουσιν·
1124 1955 1265 2035 ἐσφέρειν.
1312 1960 1389 2019 Nam

216 2075 282 2114 cum
315 2056 405 2114 urbes
437 2055 592 2130 pecuniam
622 2073 682 2113 non
712 2055 783 2114 dare
810 2059 933 2132 parntes
962 2057 1035 2130 sint,
1068 2057 1119 2114 sed
1147 2059 1303 2131 postulent
1330 2052 1388 2139 (4),

213 2173 319 2215 revera
351 2147 462 2212 iniuste
490 2152 550 2211 ium
582 2156 690 2230 agunt,
722 2172 781 2228 que
810 2154 920 2212 iniuria
952 2154 1111 2228 desistent,
1143 2156 1168 2213 si
1200 2156 1389 2216 contribuere

213 2252 372 2314 voluerint.
421 2252 528 2327 Itaque
560 2252 638 2326 quod
671 2251 781 2310 iniuste
809 2255 904 2329 agunt
936 2271 995 2311 non
1027 2253 1146 2312 omnino
1179 2253 1217 2312 ab
1251 2255 1389 2329 apposite
1414 2291 1418 2298 ·

212 2351 382 2411 condicione
405 2349 601 2424 repetendum
624 2351 679 2426 est,
702 2350 754 2408 sed
775 2354 894 2424 praeter
918 2371 983 2410 eum
1007 2351 1100 2410 etiem
1121 2351 1181 2410 vim
1206 2352 1305 2410 habet.
1344 2350 1388 2412 cf.

213 2448 258 2507 VI
278 2451 328 2524 80,
349 2451 368 2508 3
388 2439 596 2525 μαρτυρόμεθα
614 2440 685 2525 δι’μα,
709 2447 735 2506 εἰ
756 2440 795 2524 μή
820 2449 967 2528 πείσομεν,
991 2444 1035 2509 ὅτι
1057 2443 1312 2528 ἐπιβουλευόμεθα
1335 2446 1388 2527 μὲν

213 2641 309 2723 ριέων.
317 2635 344 2725 1)
382 2643 481 2702 Aliter
500 2637 691 2702 iudicandum
710 2647 758 2703 est
775 2645 813 2702 de
831 2644 875 2702 VI
894 2647 946 2719 87,
965 2647 985 2702 4
1006 2638 1055 2703 διδι
1074 2638 1106 2704 τὸ
1129 2641 1247 2724 ἑτοίμην
1270 2639 1387 2706 ὑπεῖναι

214 2740 317 2803 ἐλπίδα
344 2744 383 2826 τῷ
411 2733 654 2819 μὲνᾶντιτυχεῑν
683 2739 852 2820 ἐπικουρίας
875 2735 929 2817 ἀφ’
955 2734 1054 2819 ήμῶν,
1081 2738 1121 2825 τῷ
1146 2740 1193 2818 δι’,
1222 2743 1248 2802 εἰ
1269 2737 1387 2821 ἥξομεν,

189 2839 252 2918 ,μή
281 2833 366 2912 ἀδεὲς
393 2830 467 2900 είναι
500 2832 558 2919 (sic
584 2840 745 2916 legendum
773 2857 839 2900 esse
866 2843 940 2914 puto
968 2839 1066 2898 deleto
1094 2835 1281 2899 κινδυνεύειν
1308 2843 1387 2916 quod

213 2930 371 3018 sequitur).
413 2938 492 2997 Nem
511 2937 651 2999 Infinitivi
669 2958 727 2999 non
752 2957 770 2996 a
792 2941 859 2997 tote
880 2937 1030 2997 locutione
1051 2929 1170 2996 ὑπεῖναι
1192 2934 1295 2996 ἐλπίδα
1318 2957 1387 3014 pen-

213 3036 298 3112 dent,
325 3035 378 3096 sed
400 3037 476 3095 nihil
499 3037 557 3096 nisi
580 3039 758 3097 sententiam
784 3036 966 3097 substantivi
989 3033 1092 3095 ἐλπίδα
1116 3035 1158 3094 ita
1181 3035 1330 3109 complent
1353 3041 1387 3094 ut

212 3133 242 3192 id
279 3133 378 3209 ipsum
410 3134 489 3210 quod
525 3140 662 3211 speretur
698 3136 782 3194 nulla
819 3135 879 3193 elie
910 3133 1025 3192 ratione
1058 3132 1162 3191 habite
1194 3133 1387 3209 significetur.

213 3231 311 3300 Quare
335 3228 414 3304 ἐλπίς
436 3229 495 3292 ἐστι
518 3235 654 3311 σωθῆναι
673 3235 746 3293 Eur.
765 3233 815 3292 Or.
837 3235 899 3292 779
924 3233 1037 3307 pariter
1061 3231 1169 3290 dicitur
1192 3235 1282 3306 etque
1305 3229 1386 3305 ἐλπίς

213 3327 272 3388 ἐστι
291 3330 441 3407 σωτηρίας.
479 3330 624 3391 Similiter
643 3326 719 3404 είκύς
739 3330 796 3391 ἐστι
819 3331 898 3406 apud
918 3330 1124 3406 Thucydidem
1147 3348 1244 3405 neque
1266 3329 1388 3389 infiniti·

214 3447 267 3486 vus
290 3428 386 3487 futuri
407 3448 504 3505 neque
527 3430 696 3496 infinitivus
715 3450 784 3492 oum
806 3423 846 3487 ύν
868 3429 1011 3504 sequItur,
1035 3429 1119 3487 cuius
1142 3427 1185 3486 rei
1205 3447 1295 3488 cause
1318 3431 1387 3488 inde

211 3525 376 3600 repetendo
407 3529 454 3585 est
486 3528 564 3603 quod
596 3529 673 3587 illud
703 3527 825 3604 proprio
855 3545 914 3584 non
946 3525 1072 3601 putandi
1104 3527 1165 3586 vim
1196 3526 1300 3602 hebet,
1333 3527 1385 3586 sed

212 3625 328 3698 decet,
356 3625 525 3684 convenit
553 3626 708 3702 significet.
760 3624 878 3684 DicItur
906 3623 1001 3699 igitur
1030 3624 1067 3684 de
1094 3625 1139 3684 rei
1170 3643 1224 3699 per
1257 3642 1288 3682 se
1319 3643 1385 3699 pro-

103 3769 108 3778 .
216 3721 374 3781 habilitate
396 3724 540 3797 temporis
564 3727 595 3784 et
613 3725 792 3785 condicionis
812 3724 1027 3800 significatione
1046 3724 1164 3784 emisse.
1202 3722 1245 3781 Of.
1264 3721 1292 3778 V
1313 3725 1385 3782 102.

285 3895 311 3961 1)
334 3893 396 3947 Huc
418 3910 474 3948 non
497 3895 619 3964 pertinet
637 3895 676 3950 Vl
694 3902 754 3963 e‚2
778 3891 908 3962 λέγοντες
927 3935 932 3947 .
948 3935 954 3947 .
971 3935 991 3960 .,
1016 3892 1043 3947 εί
1060 3888 1234 3961 Συρακόσιοι
1254 3934 1259 3945 .
1278 3937 1283 3946 .
1300 3933 1306 3944 .
1326 3888 1385 3947 δτι·

211 3969 336 4042 μιύρητοι
353 3972 522 4042 γενήσονται
540 3974 588 4028 καί
606 4017 612 4029 .
629 4017 635 4028 .
651 4019 657 4031 .
676 3970 728 4043 τήν
747 3970 862 4029 ἅπασαν
882 3969 1005 4042 δύναμιν
1024 3973 1074 4041 τῆς
1093 3974 1224 4033 Σικελίας
1244 3966 1385 4040 σχήσουσι,

210 4055 344 4107 κίνδυνον
365 4051 439 4108 εἶναι
457 4051 495 4124 μή
514 4073 583 4109 ποτε
597 4067 609 4108 “.
625 4097 631 4110 .
648 4097 653 4109 .
673 4054 722 4109 καί
739 4049 792 4123 τήν
812 4049 928 4109 ἐκείνων
947 4053 1071 4123 δύναμιν
1090 4049 1299 4121 ξυμκαθδλωσι,
1322 4071 1384 4107 cum

210 4132 338 4188 condicio
362 4151 417 4188 non
442 4135 479 4187 ad
497 4135 631 4190 κίνδυνον
651 4131 738 4202 εἶναι,
765 4134 813 4188 sed
833 4134 868 4188 ad
887 4129 924 4203 μή
944 4150 1011 4186 ποτε
1101 4128 1296 4199 ξυμκαθὲλωσι
1315 4133 1384 4186 refe-

209 4215 295 4269 retur.
337 4211 435 4282 Neque
458 4215 548 4283 magis
571 4214 610 4268 VI
634 4221 677 4281 91,
700 4221 718 4268 4
741 4208 811 4268 ύσιε
835 4209 873 4281 μή
896 4212 961 4280 περὶ
989 4211 1038 4278 τῆς
1061 4211 1192 4271 Σικελίας
1215 4230 1256 4270 τις
1279 4208 1383 4265 οἰέσθω

209 4292 299 4363 μόνον
319 4291 479 4365 βουλεύειν,
501 4289 571 4349 ἇλλδι
591 4295 639 4348 καί
658 4295 721 4362 περί
740 4296 789 4363 τῆς
808 4290 1041 4361 Πελοποννήσου,
1066 4289 1093 4344 εί
1109 4286 1146 4360 μὴ
1165 4288 1295 4359 ποιήσετε
1314 4287 1383 4347 τύδε

211 4370 242 4428 ἐν
257 4370 336 4442 τείχει
351 4373 505 4428 infinitivus
520 4370 666 4443 βουλεύειν
682 4374 838 4430 condicioni
852 4373 995 4441 subicitur,
1011 4372 1060 4425 sed
1075 4371 1214 4425 sententie
1226 4373 1294 4439 περί
1304 4389 1383 4442 pree-

208 4453 350 4525 positione
374 4471 517 4524 expresse,
540 4472 597 4524 que
619 4453 748 4510 adhibite
769 4454 941 4525 significetur
965 4453 1058 4506 uotum
1082 4451 1141 4506 fore
1165 4467 1221 4506 non
1239 4453 1328 4506 solum
1348 4455 1383 4506 de

212 4535 322 4604 Sicilie,
342 4536 391 4591 sed
411 4535 498 4590 etiem
516 4537 550 4590 de
571 4536 775 4604 Peloponneso,
795 4536 849 4589 nisi
868 4532 996 4588 celeriter
1013 4533 1084 4585 haec
1102 4530 1215 4587 faciunt.
