3322 5138
647 441 856 506 ..57-

249 608 296 666 De
318 607 422 666 formis
446 606 644 681 comparativi
667 605 775 666 πλείων
798 608 872 667 haec
892 604 971 666 Guil.
992 606 1163 666 Dindorfius
1182 606 1214 665 in
1232 603 1333 681 steph.

159 708 250 768 Thes.
274 705 442 766 adnotavit:
471 697 578 764 ‘Attici
604 705 661 764 etsi
684 704 859 780 saepissime
882 701 972 765 πλέον
994 723 1049 780 pro
1072 707 1174 764 πλεῖον
1197 703 1335 763 dixerunt

157 824 213 864 nec
246 823 314 864 raro
351 804 485 864 vocalem
521 803 686 878 simplicem
722 803 755 861 in
791 805 908 864 casibus
945 802 1132 862 admiserunt
1167 802 1334 878 trisyllabis

158 898 283 972 πλέονος
311 896 427 974 πλέονι,
454 901 486 958 in
513 899 696 960 nominativo
724 903 825 961 tamen
848 900 957 962 πλείων
985 903 1017 961 et
1043 900 1147 959 formis
1175 900 1334 959 contractis

158 999 300 1060 attinet
321 997 442 1070 πλείους
464 997 686 1075 diphthongum
709 1001 932 1076 praetulerunt3
957 999 1036 1076 quod
1059 1002 1139 1058 recte
1163 998 1335 1058 observanti

158 1099 292 1174 Reisigio
311 1098 343 1156 in
361 1095 444 1156 Ocni.
466 1096 497 1154 in
516 1096 610 1156 Arist.
632 1117 659 1172 p.
680 1098 722 1156 43
746 1116 807 1156 non
829 1096 960 1156 debebat
981 1113 1150 1171 repugnare
1174 1094 1334 1154 Elmsleius

159 1196 200 1256 ad
222 1195 462 1255 suanense.
498 1193 578 1252 Nam
600 1193 679 1270 quod
702 1195 811 1270 tragici
834 1194 985 1254 interdum
1008 1190 1105 1254 πλέων
1129 1189 1205 1252 πλέω
1228 1189 1335 1265 πλέους

159 1295 272 1354 dixisse
294 1292 385 1369 vulgo
409 1291 573 1350 creduntur
594 1293 706 1368 partim
729 1293 899 1353 criticorum
924 1292 1032 1353 nititur
1060 1291 1224 1367 erroribus,
1252 1292 1336 1350 velut

162 1392 297 1465 Stanleii,
322 1389 373 1467 qui
396 1385 492 1448 πλέων
515 1389 594 1448 male
616 1390 720 1448 intulit
742 1391 845 1450 versui
868 1393 1007 1466 corrupte
1030 1389 1136 1448 Aeseh.
1161 1387 1218 1465 Ag.
1240 1391 1334 1465 1299,

158 1490 272 1566 partim
294 1488 404 1548 vitiosa
427 1488 576 1562 scriptura
598 1487 753 1557 librorum,
776 1492 813 1548 ut
834 1489 946 1548 ibidem
970 1490 1043 1547 868.
1069 1489 1164 1562 1068,
1186 1487 1239 1545 ubi
1257 1483 1334 1546 πλέω

160 1605 261 1650 errore
290 1586 441 1658 sollemni,
470 1586 507 1644 de
536 1605 594 1661 quo
617 1585 719 1660 paullo
743 1590 812 1661 post
834 1587 962 1663 dicetur,
991 1602 1050 1662 pro·
1068 1581 1158 1644 πλέον
1181 1585 1334 1660 scriptum.

159 1687 230 1744 Non
261 1684 385 1743 maioris
419 1686 465 1742 est
496 1683 641 1744 momenti
673 1682 762 1758 Soph.
790 1684 895 1744 Traoh.
924 1686 987 1744 944
1015 1675 1036 1761 ἢ
1063 1679 1113 1742 καὶ
1144 1681 1263 1754 πλείους
1293 1705 1336 1754 τις

159 1777 269 1862 ἡμέρας
284 1781 433 1861 λογίζεται,
454 1781 506 1840 ubi
525 1780 646 1857 quidam
661 1781 834 1857 interpolati
853 1778 968 1854 πλέους.
1002 1779 1061 1840 Sed
1079 1798 1152 1841 vera
1171 1799 1260 1856 quem
1279 1800 1335 1857 ego

160 1882 282 1942 restitui
292 1880 439 1955 scriptura
454 1871 533 1956 estd
548 1878 600 1938 καί
611 1901 638 1938 τι
651 1877 770 1950 πλείους
783 1871 892 1958 ἡμέρας
906 1873 1067 1960 λογίζεταί.
1086 1879 1169 1938 Haec
1183 1878 1336 1938 sufficiunt

161 1980 200 2039 ad
219 1978 383 2039 reiciendas
406 1978 516 2037 formas
539 1973 638 2037 πλέων
655 1972 733 2036 πλέω
752 1973 869 2055 πλέους,
892 1997 968 2054 quae
986 1997 1024 2038 ne
1042 1978 1072 2036 in
1092 1977 1335 2053 inscriptionibus

160 2076 283 2152 quidem
305 2076 507 2136 inveniuntur.
554 2076 595 2134 At
618 2075 790 2134 dubitatum
813 2095 931 2152 quoque
955 2080 1001 2136 est
1024 2095 1096 2134 num
1118 2079 1220 2136 πλεῖον
1240 2074 1335 2135 Attici

161 2175 316 2236 dixissent.
355 2174 413 2233 Sed
435 2192 473 2233 ne
496 2174 691 2250 Aristophani
714 2173 835 2250 quidem
858 2173 1088 2232 abiudicandum
1112 2176 1165 2232 est.
1203 2173 1281 2230 Nam
1304 2173 1336 2230 in

161 2273 240 2333 Nub.
265 2273 385 2349 quidem
410 2274 493 2332 1295
518 2271 603 2332 nulla
625 2271 715 2331 metri
737 2272 917 2331 necessitate
940 2270 1063 2346 legitur,
1091 2268 1143 2328 sed
1166 2271 1262 2328 metro
1286 2269 1334 2328 de·

160 2371 295 2430 tenditur·
322 2371 354 2428 in
377 2370 455 2430 Eccl.
481 2373 566 2429 1132
596 2363 674 2441 ὅστις
701 2372 828 2430 πολιτῶν
855 2373 956 2430 πλεῖον
983 2360 1003 2446 ἢ
1028 2366 1230 2447 τρισμυρίων,
1246 2388 1334 2444 quem

160 2487 282 2529 versum
314 2488 353 2528 ne
383 2467 451 2528 ideo
484 2471 658 2544 corruptum
690 2487 757 2528 esse
789 2467 919 2542 opineris
948 2467 1027 2542 quod
1055 2467 1216 2526 secundum
1244 2466 1334 2526 Moer.

160 2570 244 2626 πλεῖν
266 2558 286 2644 ἢ
310 2559 410 2645 μύριοι
428 2559 560 2641 Ἀττικοί,
583 2562 703 2637 πλέονες
725 2558 745 2644 ἢ
774 2557 874 2642 μύριοι
893 2558 1036 2642 Ἕλληνες
1064 2567 1095 2624 et
1119 2563 1224 2624 Oobeti
1251 2585 1333 2641 praa-

161 2664 283 2740 ceptum
311 2662 481 2723 Atticorum
510 2663 724 2723 consuetudine
751 2664 836 2722 πλεῖν
863 2654 883 2740 ἢ
916 2663 1100 2739 postuletur,
1134 2662 1170 2721 cf.
1198 2659 1288 2723 πλέον
1314 2658 1335 2741 ἥ

162 2760 445 2838 CIA·11352,12,
469 2781 526 2836 quo
551 2760 642 2820 simul
665 2760 793 2820 efficitur
815 2779 854 2819 ne
877 2760 956 2836 apud
975 2759 1030 2817 Th.
1054 2758 1174 2834 quidem
1194 2760 1242 2817 ΙΠ
1262 2762 1335 2834 113,

162 2862 181 2919 3
206 2853 297 2918 πλέον
318 2851 339 2934 ἤ
362 2857 393 2916 in
415 2859 501 2916 πλεῖν
519 2851 541 2935 ἤ
558 2857 737 2916 mutandum
756 2875 828 2917 esse.
866 2858 963 2917 Metro
986 2856 1058 2915 item
1080 2856 1155 2914 illud
1178 2856 1335 2933 flagitatur

160 2959 192 3014 in
215 2956 342 3016 Philam
364 2955 472 3031 fragm.
498 2957 570 3030 106,
594 2958 612 3015 5
637 2954 729 3014 Koch.
758 2955 895 3015 Menand.
918 2956 1026 3031 fragm.
1051 2955 1125 3030 519,
1150 2957 1178 3018 6,
1208 2956 1281 3034 531,
1305 2959 1335 3017 5.

162 3057 236 3129 563,
270 3056 289 3113 3
322 3052 428 3112 Mein·
466 3052 556 3128 Apud
587 3053 718 3130 tragicos
749 3057 852 3114 πλεῖον
884 3053 1002 3130 saepius
1039 3053 1185 3113 traditum
1221 3057 1269 3114 est
1304 3059 1335 3114 et

161 3153 306 3228 quattuor
328 3150 521 3210 inveniuntur
543 3154 688 3228 quantum
713 3153 773 3212 scio
796 3153 853 3213 loci
881 3144 955 3233 (non
981 3169 1105 3211 numero
1132 3155 1233 3212 rotrico
1256 3154 1332 3231 quod

161 3251 193 3309 in
211 3248 326 3308 cantico
345 3247 460 3324 legitur
478 3247 587 3308 Aesch.
605 3248 687 3312 Pers.
709 3245 809 3330 1032)
829 3251 882 3310 ubi
903 3253 1034 3311 metrum
1057 3250 1085 3309 ei
1108 3249 1257 3326 praesidio
1282 3251 1334 3312 sit:

161 3347 269 3407 Aesch.
297 3347 379 3407 Pers.
409 3349 470 3406 791
501 3339 576 3423 μηδ’
604 3345 630 3405 εἰ
656 3341 816 3427 στράτευμα
843 3352 944 3408 πλεῖον
971 3337 991 3430 ᾗ
1018 3341 1049 3408 τὸ
1077 3342 1236 3426 Μηδικόν,
1263 3350 1333 3409 Eur.

161 3444 252 3519 Hipp.
272 3445 333 3502 641
355 3441 400 3519 εἴη
420 3443 573 3521 φρονοῦσα
592 3446 693 3504 πλεῖον
714 3437 734 3522 ἢ
757 3451 885 3525 γυναῖκα
903 3440 968 3525 χρή,
991 3447 1100 3509 Troad.
1120 3450 1183 3508 644
1206 3451 1335 3526 λαχοῦσα

162 3546 264 3603 πλεῖον
286 3543 338 3618 τῆς
360 3535 448 3618 τύχης
473 3533 657 3619 ἡμάρτανον,
687 3543 796 3604 Phoen.
822 3547 885 3605 603
909 3546 1052 3604 ΠΟ.τοῦ
1075 3541 1183 3622 μέρους
1205 3542 1282 3623 έχων
1302 3538 1334 3606 τὸ

162 3644 277 3711 πλεῖον;
297 3641 361 3697 ΕΤ.
381 3631 468 3716 φήμ’.
491 3631 680 3701 ἀπαλλάσσου
699 3636 732 3700 δέ
750 3644 815 3720 γῆς,
833 3661 961 3718 quorum
978 3661 1122 3702 versuum
1139 3645 1201 3701 tres
1220 3641 1334 3717 priores

163 3736 340 3798 coniecturis
362 3738 514 3812 temptare
536 3735 708 3798 Dindorfius
731 3758 791 3798 non
814 3739 950 3800 debebat.
988 3737 1063 3799 Oum
1085 3739 1164 3798 enim
1189 3735 1334 3801 inversu

164 3834 332 3911 Aeschyleo
358 3836 480 3910 praeter
506 3837 608 3894 πλεῖον
633 3835 709 3895 nihil
737 3837 777 3895 sit
803 3837 835 3897 in
863 3857 921 3914 quo
955 3838 1101 3913 offendas,
1133 3836 1186 3896 ille
1214 3830 1283 3915 μηδ’
1310 3837 1336 3897 εἰ

163 3925 313 4014 στράτευμ’
334 3931 379 4009 ε”νη
398 3928 487 3992 πλέον
504 3925 536 3992 τὸ
555 3926 708 4010 Μηδικόν,
731 3954 852 3995 versum
870 3935 965 3996 doctis
985 3936 1108 3995 auribus
1126 3934 1249 3994 minime
1266 3953 1333 4012 gra-

162 4033 242 4107 tum,
267 4031 317 4090 rel
345 4029 437 4089 etiam
463 4029 625 4090 violentius
655 4023 788 4109 windrici
820 4054 873 4110 pro
905 4036 1007 4095 πλεῖον
1039 4021 1058 4115 ᾖ
1084 4032 1248 4108 proposuit.
1298 4033 1334 4091 In

163 4129 259 4205 primo
286 4128 438 4204 Euripidis
471 4147 562 4188 versu
590 4122 701 4189 πλείον’
732 4130 780 4190 vel
812 4131 911 4209 μεῖζον
943 4150 979 4190 ex
1007 4130 1202 4191 similitudine
1230 4148 1334 4190 versus

162 4226 281 4287 Herach
305 4227 368 4286 979
392 4222 442 4284 καλ
464 4217 519 4303 τὴν
542 4228 714 4304 φρονοῦσαν
737 4228 836 4306 μεῖζον
852 4222 873 4308 ἢ
891 4234 1018 4309 γυναῖκα
1036 4221 1092 4307 χρή
1109 4229 1212 4304 legere
1229 4227 1335 4289 voluit.

164 4323 222 4383 Sed
244 4325 336 4401 longe·
356 4323 439 4382 aliud
461 4320 615 4386 astutior
633 4329 765 4404 φρονεῖν,
787 4328 1011 4402 prudentiorem
1030 4344 1104 4403 esse,
1127 4345 1218 4401 qnam
1236 4326 1335 4404 μεῖζον

164 4427 303 4498 φρονεῖν,
329 4422 508 4486 insolentius
536 4439 567 4482 ee
593 4422 708 4483 efferre.
755 4423 798 4484 Of.
823 4425 912 4502 Soph.
935 4424 1013 4483 Phil.
1038 4425 1110 4484 818.
1142 4423 1220 4483 Plat.
1243 4423 1334 4500 Hipp.

164 4520 233 4581 min.
262 4523 360 4582 erla
391 4523 422 4580 et
453 4519 532 4582 Plat.
563 4520 685 4581 Theaet
715 4524 777 4583 149
793 4525 821 4584 d.
871 4523 974 4582 Priore
1006 4521 1156 4582 sententia
1186 4540 1333 4601 nusquam
