3322 5138
775 419 991 482 ..18-

858 639 898 708 ΙΙ.

384 797 510 874 Aliquot
542 799 614 858 locis
647 797 737 857 etiam
769 797 935 856 infinitivus
967 797 1064 856 futuri
1098 797 1129 856 in
1159 797 1343 874 Thucydidis
1375 797 1467 857 libros

295 897 418 970 propter
441 896 686 956 terminationum
708 895 934 955 similitudinem
953 912 1007 970 pro
1026 895 1174 954 infinitivo
1193 895 1298 954 aoristi
1317 895 1365 955 vel
1383 914 1467 970 prse-

295 994 387 1052 scntis
407 993 538 1069 irrepsit.
576 995 712 1054 Tolerari
735 1013 794 1052 nou
818 995 918 1069 potest
940 992 986 1051 HI
1007 995 1057 1069 28,
1081 996 1097 1051 1
1123 986 1328 1052 ἆποκωλήσειν
1347 990 1467 1054 δυνατοί

292 1083 381 1162 ὄντες.
432 1090 505 1161 Quis
538 1093 617 1152 enim
649 1085 853 1151 ἄποκωλιίσειν
885 1084 1015 1167 δύναμαι
1048 1091 1177 1150 dixerit?
1229 1091 1369 1150 Editores
1403 1091 1466 1150 sola

291 1189 436 1248 librorum
470 1192 663 1266 auctoritate,
694 1210 754 1250 non
785 1190 928 1266 exemplis
961 1190 1108 1250 nituntur.
1162 1189 1242 1249 Nam
1271 1189 1332 1249 VII
1363 1192 1413 1265 11,
1446 1192 1465 1250 3

292 1281 450 1365 δυναίμεθ’
481 1281 520 1347 dv
547 1282 708 1368 χρήσεσθαι
735 1289 822 1347 nihili
850 1292 910 1366 cst,
943 1306 1010 1346 cum
1038 1287 1169 1363 optimus
1197 1287 1275 1347 liber
1301 1286 1466 1348 Vaticanus

290 1379 457 1462 χρήσασθαι
479 1379 664 1466 praebeat.¹)
702 1385 817 1445 Eodem
840 1384 927 1444 modo
951 1403 982 1444 se
1006 1385 1102 1461 decipi
1124 1385 1206 1460 passi
1230 1385 1464 1461 sunt1129,5

291 1499 359 1540 oum
388 1502 423 1540 ex
451 1483 588 1557 plurimis
616 1482 755 1542 codicibis
783 1479 912 1559 πέμψειν
941 1484 1119 1559 recipereut3
1148 1502 1218 1542 nam
1245 1487 1367 1559 praeter
1388 1483 1466 1541 huuc

289 1581 389 1639 locum
416 1581 517 1639 nullus
549 1581 648 1640 exstet
676 1599 734 1656 quo
762 1580 880 1640 πείθειν
906 1580 1027 1640 volendi
1053 1579 1082 1639 vi
1108 1579 1277 1656 praeditum
1301 1579 1465 1640 infinitivus

290 1677 384 1735 futuri
412 1681 563 1752 sequatur.
610 1679 806 1738 Restituendu
833 1677 927 1756 igitur
955 1682 1001 1737 est
1029 1677 1127 1736 alters
1155 1677 1304 1753 scriptura
1330 1674 1463 1756 πέμπειν.

290 1773 435 1832 Similiter
461 1774 476 1831 I
506 1778 555 1849 27,
586 1778 603 1833 2
633 1777 755 1852 plurimi
783 1777 897 1836 codices
925 1769 1095 1852 ἐδεήθησαν
1119 1821 1125 1832 .
1150 1818 1156 1832 .
1182 1821 1188 1834 .
1220 1772 1465 1854 ξομπροπέμψειν

291 1873 404 1931 hebent
427 1872 515 1949 idque
534 1876 693 1933 servarunt
712 1875 849 1934 editores.
887 1874 947 1934 Sed
968 1873 1034 1949 quis
1058 1873 1210 1932 dubitabit
1233 1870 1465 1952 ξομπροπέμψαι

289 1969 467 2045 scripturam
495 1971 670 2046 restituere,
699 1972 724 2031 si
751 1973 874 2048 reliquis
902 1971 976 2030 locis
1003 1969 1140 2030 omnibus
1164 1969 1281 2030 δεῖσθαι
1305 1975 1359 2030 aut
1380 1991 1465 2046 pree-

289 2066 382 2125 sentis
413 2069 466 2125 aut
498 2067 602 2127 coristi
633 2068 813 2128 infinitivum
846 2069 930 2145 sequi
967 2068 1174 2144 reputaverit?
1227 2069 1333 2145 Neque
1366 2071 1463 2146 magis

288 2164 410 2239 reliquis
430 2166 550 2225 volendi
568 2167 667 2226 verbis
686 2166 852 2227 infinitivus
874 2167 969 2226 futuri
992 2170 1081 2241 aptus
1105 2170 1160 2229 cst.
1197 2165 1322 2227 Duobus
1345 2171 1463 2226 tantum

288 2262 361 2321 locis
385 2268 454 2338 post
477 2283 512 2322 ea
535 2264 664 2323 traditus
688 2266 748 2323 est:
772 2264 816 2322 VI
841 2267 870 2342 6,
897 2267 911 2324 1
938 2261 1115 2341 ἐφιέμενοι.
1141 2311 1146 2323 .
1170 2268 1222 2343 τῆς
1244 2259 1342 2343 πάσης
1364 2260 1466 2345 ἄρξειν

288 2363 319 2418 et
343 2358 387 2417 VI
412 2362 462 2437 57,
490 2363 508 2421 3
538 2356 696 2439 ἐβούλοντο
720 2408 727 2421 .
752 2409 758 2422 .
787 2357 1080 2441 προτιμωρήσεσθιιι,
1107 2364 1267 2439 utrobique
1295 2364 1368 2425 vitio
1395 2383 1462 2439 per-

286 2459 410 2534 vulgato
439 2459 577 2534 scriptur.
628 2461 732 2520 Priore
761 2462 839 2520 enim
867 2461 932 2520 loco
962 2454 1048 2538 ίιρξοιι
1076 2453 1175 2540 (verte
1204 2455 1309 2521 ‘totius
1338 2461 1463 2538 imperio

286 2550 403 2633 potiri'3
422 2575 492 2614 nem
510 2559 640 2618 doristus
659 2560 847 2620 incohatirus
867 2561 914 2616 est
934 2557 1001 2617 utI
1020 2560 1049 2634 4,
1072 2564 1098 2616 1.
1122 2554 1149 2615 V
1166 2562 1217 2636 91,
1232 2563 1260 2619 2.
1284 2557 1328 2619 VI
1347 2561 1398 2634 85,
1419 2551 1462 2638 3),

286 2654 382 2713 altero
405 2649 686 2736 προιιμιορήσοισθιιι
710 2656 920 2733 corrigendum
943 2658 997 2715 est.
1044 2655 1134 2716 Patet
1162 2661 1307 2733 quantum
1331 2656 1461 2716 editores

286 2752 316 2810 in
344 2752 457 2812 tradita
488 2753 673 2832 singulorum
704 2756 837 2816 locorum
866 2754 1015 2830 scriptura
1044 2774 1137 2830 euque
1167 2755 1241 2814 eutis
1272 2755 1362 2814 dubia
1392 2756 1462 2813 hae-

286 2853 386 2910 rentes
405 2850 579 2912 universum
602 2854 749 2912 librorum
772 2871 950 2912 consensum
973 2853 1171 2930 neglexerint,
1194 2853 1370 2929 praesertim
1395 2872 1462 2911 cum

285 2949 382 3007 tribus
406 2951 498 3008 etiam
520 2952 593 3010 locis
617 2971 689 3011 vera
712 2953 861 3027 scriptura
883 2953 968 3025 parte
992 2949 1126 3009 codicum
1154 2951 1315 3010 memorius
1342 2951 1461 3026 prodita

286 3047 333 3104 sit.
379 3046 464 3105 Unus
494 3051 596 3106 tamen
625 3049 708 3108 locus
736 3052 834 3108 restat
861 3048 919 3105 VII
949 3052 1000 3123 21,
1030 3051 1049 3107 3
1082 3044 1277 3118 ξννοινὲπειθε
1307 3043 1340 3106 δὲ
1367 3045 1416 3107 καὶ
1444 3041 1460 3109 d

279 3138 480 3222 Ἑρμοκράτης
505 3140 559 3223 οὐχ
582 3139 685 3222 ήκιστοι
708 3149 760 3205 τοῦ
778 3149 841 3216 ταῖς
860 3142 947 3204 ναυσί
967 3139 1006 3222 μή
1026 3139 1157 3222 ἆθνμεῖν
1177 3141 1369 3224 ἐπιχειρήσειν
1386 3140 1460 3226 πρὸς

284 3235 352 3311 τοὺς
377 3235 573 3319 Ἀθηναίους,
603 3242 654 3300 sed
683 3243 708 3302 is
732 3243 819 3302 valde
843 3246 1001 3317 suspectae
1024 3243 1104 3302 fidei.
1149 3244 1227 3302 Nam
1250 3249 1460 3321 praeterquam

285 3338 364 3412 quod
392 3340 444 3398 τοῦ
471 3339 586 3396 frustra
614 3340 762 3414 explicere
788 3341 886 3400 conati
909 3345 992 3415 sunt,
1021 3359 1081 3416 qua
1104 3341 1141 3398 de
1164 3360 1197 3399 re
1221 3341 1281 3398 dixi
1304 3341 1335 3400 in
1358 3341 1459 3418 Symb.

220 3463 230 3476 ·
284 3435 357 3509 phil.
387 3436 481 3495 Bonn.
511 3457 538 3511 p.
571 3438 643 3514 388,
679 3434 833 3516 ἐπιχειρεῖν
865 3458 933 3497 oum
965 3432 1040 3515 πρός
1072 3439 1222 3499 coniuncti
1251 3458 1348 3515 nsque
1380 3440 1460 3514 apud

285 3532 490 3609 Thucydidem
518 3552 615 3610 noque
643 3538 722 3611 opud
750 3537 844 3594 alium
871 3537 1048 3611 scriptorem
1072 3538 1243 3612 exemplum
1267 3541 1373 3596 exstat.
1420 3539 1460 3596 ut

283 3631 355 3706 quid
378 3624 508 3708 ἆθομεῑν
532 3627 725 3710 ἐπιχειρήσειν
747 3632 830 3692 uliud
854 3636 901 3692 cst
923 3634 981 3692 nisi
1003 3628 1175 3709 ‘desperare
1194 3654 1226 3694 se
1244 3654 1459 3712 aggressurum

283 3723 381 3788 csse'?
426 3730 469 3788 Ut
492 3730 624 3789 breviter
647 3732 743 3790 dicam
766 3730 845 3807 quod
870 3734 978 3806 senti0,
1007 3729 1200 3812 ἐπιχειρήσειν
1223 3753 1258 3792 ox
1281 3731 1458 3813 ἐπιχειρήσαι

282 3828 331 3886 vel
359 3825 537 3906 ἐπιχείρησιν
565 3830 782 3905 interpretandi
810 3848 901 3888 ceusu
928 3830 1078 3906 adscripto
1108 3836 1207 3891 ortum
1235 3834 1266 3890 et
1298 3832 1458 3909 legendum

283 3943 347 3983 esse
376 3927 510 4001 suspicor
538 3924 733 3998 ξυνανέπειθε
761 3923 793 3986 δὲ
820 3925 871 3987 καὶ
892 3921 909 3987 d
930 3921 1131 4009 Ἑρμοκράτης
1154 3925 1208 4010 οὐχ
1231 3923 1325 4008 ἥκιστ’
1351 3924 1459 4001 αὐτούς

281 4027 343 4094 ταῖς
373 4019 461 4081 ναυσί
489 4016 530 4100 μή
558 4017 688 4100 ἀθυμεῖν
715 4019 790 4102 πρὸς
816 4019 884 4098 τοὺς
910 4017 1106 4104 Ἀθηναίους,
1134 4029 1153 4086 i.
1179 4047 1203 4088 e.
1233 4022 1371 4087 <novibus
1399 4047 1458 4087 non

282 4120 417 4179 diffidere
441 4121 585 4181 adversus
609 4117 828 4181 Athenisuscs'.
867 4124 913 4185 of.
936 4124 967 4183 Π
986 4126 1038 4200 88,
1062 4128 1090 4183 3.
1116 4126 1175 4183 VII
1201 4129 1251 4202 60,
1276 4128 1304 4185 5.
1342 4126 1387 4186 Dc
1411 4127 1457 4184 his

283 4259 368 4264 -.—--
377 4259 495 4266 --....-..

354 4348 380 4413 1)
404 4344 515 4398 Dudum
542 4346 571 4398 in
590 4345 674 4415 Soph.
694 4345 759 4399 Phil
781 4355 849 4402 1394
867 4366 917 4418 pro
936 4351 1045 4404 πείσειν
1069 4345 1271 4418 δονηοόμεσθοι
1294 4349 1455 4404 restitutum

283 4425 326 4477 cst
344 4427 458 4478 πείθειν
478 4427 549 4494 δον,
568 4445 658 4496 nequo
673 4427 788 4481 dubium
808 4428 875 4496 quin
893 4429 922 4482 in
941 4431 1013 4485 Plat.
1034 4430 1135 4486 Phaed.
1153 4435 1215 4482 738,
1234 4425 1285 4485 erin
1301 4423 1338 4484 dv
1351 4430 1410 4484 οἷοί
1424 4449 1453 4483 τε

282 4495 355 4571 ἦσαν
374 4505 459 4556 τοῦτο
477 4500 607 4572 ποιήσειν
627 4506 803 4562 scribendum
823 4510 860 4563 sit
878 4510 1002 4578 ποιήσαι.
