3322 5138
786 460 827 468 -
877 425 1002 487 ,ρ’-

309 587 420 664 derint,
451 605 510 646 non
541 587 718 663 affligamur.
769 587 827 645 Sed
855 589 973 648 etiamsi
1001 589 1028 647 εἰ
1054 585 1194 667 ἐθέλομεν
1221 584 1408 648 κινδυνεύειν
1434 591 1482 649 hie

308 684 387 742 idem
410 684 473 743 fere
502 685 617 744 valeret
644 688 735 761 eiquo
763 677 803 761 ἢν
826 679 1061 763 κινδυνεύωμεν,
1088 690 1212 764 propter
1235 705 1271 746 ea
1294 706 1370 762 quae
1393 688 1481 746 modo

308 783 498 856 exposuimus
534 802 593 841 non
629 783 738 842 iustior
774 781 870 841 videri
903 785 1026 842 deberet
1057 785 1121 843 eius
1158 784 1347 860 vituperatio.
1403 785 1481 842 Nem

307 880 528 960 περιγίγνεσθαι
551 883 606 940 hoo
628 882 693 940 loco
718 881 821 939 eedem
841 881 957 940 talione
976 883 1107 956 positum
1126 887 1206 942 esset
1224 901 1284 959 que
1301 881 1374 941 loeis
1393 883 1480 940 modo

308 980 479 1037 memoretis
508 978 634 1054 simplex
662 977 825 1056 γίγνεσθαι.
875 977 997 1038 Summa
1024 981 1120 1056 igilur
1148 981 1236 1040 huius
1267 979 1479 1056 disputetionis

308 1078 380 1134 haee
399 1080 445 1134 est
464 1079 498 1135 ul
517 1075 714 1151 Thucydideo,
739 1075 765 1132 si
783 1094 924 1150 praesens
944 1078 973 1136 vi
997 1077 1122 1152 perfecti
1144 1079 1324 1138 instructum
1347 1082 1480 1153 prseter-

308 1176 476 1251 miliumus,
504 1175 653 1250 praesenti
680 1177 814 1248 tempore
843 1194 897 1250 pro
923 1176 1024 1234 futuro
1049 1195 1108 1234 non
1130 1195 1203 1234 usus
1227 1194 1293 1234 esse
1316 1177 1480 1236 censendus

307 1273 346 1331 sit
369 1273 427 1330 nisi
449 1274 480 1330 ln
504 1272 603 1332 verbis
627 1289 703 1346 quae
726 1269 839 1345 aliquid
860 1271 924 1330 fieri
943 1273 1085 1349 indicent,
1108 1274 1265 1349 inquibus
1285 1274 1359 1350 ipsis
1379 1275 1481 1350 aliqua

306 1370 425 1429 futurae
449 1371 493 1429 rei
516 1370 598 1428 nolio
621 1361 758 1448 luteul.¹)

379 1569 403 1636 1)
424 1567 508 1620 Suam
528 1566 583 1620 vim
604 1566 690 1619 habet
707 1581 838 1634 praesens
858 1564 886 1617 in
906 1565 1020 1638 deorum
1039 1571 1067 1622 el
1082 1571 1176 1622 vatum
1193 1568 1347 1638 praesagiis
1362 1566 1475 1635 (Herod.

306 1646 357 1700 VII
374 1653 431 1702 140.
453 1651 511 1698 141.
536 1644 600 1697 VIII
615 1650 656 1698 77.
685 1643 769 1699 Arist.
785 1646 854 1713 Equ.
870 1650 929 1698 12⁷.
947 1651 1006 1700 129.
1024 1651 1144 1717 135sq.)‚
1164 1647 1213 1716 qui
1233 1649 1326 1702 futura
1344 1653 1478 1716 tanquam

210 1751 223 1774 ι
306 1726 465 1795 praesenlie
488 1723 593 1778 vidoni.
631 1725 694 1778 Non
716 1723 750 1778 ed
771 1725 897 1777 fulsurum
919 1726 1029 1793 tempus
1054 1728 1164 1796 spectet
1188 1725 1317 1796 ἔρχονται
1335 1725 1420 1782 Thuo.
1442 1727 1480 1780 VI

305 1813 348 1873 40,
368 1813 383 1858 2
404 1805 452 1858 καλ
472 1803 500 1858 εἰ
517 1801 645 1873 ἔρχονται
668 1799 823 1872 Ἀθηναῖοι,
848 1799 998 1874 ἀμυνεῖται
1023 1800 1139 1873 αύτούς,
1164 1823 1227 1860 oum
1247 1807 1431 1861 Abhenienees
1451 1808 1479 1860 in

305 1888 406 1940 itinere
426 1901 485 1940 esse
504 1884 562 1938 iam
581 1888 665 1938 antee
684 1883 734 1954 (VI
749 1891 791 1950 32,
808 1887 834 1953 3)
854 1884 1013 1938 nuntiatum
1033 1887 1077 1939 sil.
1108 1886 1244 1940 Similiier
1263 1885 1332 1941 Xen.
1352 1887 1413 1956 Cyr.
1430 1887 1481 1940 VIl

308 1974 331 2034 1,
350 1972 384 2018 20
404 1961 455 2020 ἐπί
470 1985 501 2034 με
522 1960 638 2026 τούτους
658 1960 712 2032 ἐγώ
736 1960 823 2026 οιύτὸς
846 1963 1020 2034 παρέρχομαι
1044 1966 1089 2034 (of.
1110 1965 1219 2034 παριών
1238 1973 1253 2032 ἕ
1274 1969 1318 2034 19)
1343 1969 1372 2020 ei
1390 1967 1478 2020 Anab.

305 2049 343 2102 IV
360 2053 384 2114 7,
399 2053 414 2100 3
429 2047 463 2117 τῇ
477 2042 532 2115 γὰρ
547 2045 662 2118 στρατιᾷ
678 2039 730 2098 ούκ
746 2041 804 2097 ἔστι
822 2040 856 2098 τὰ
875 2040 1031 2114 ἐπιτήδειοι,
1052 2044 1079 2099 εἰ
1096 2043 1133 2115 μὴ
1153 2042 1308 2115 ληψόμεθα
1327 2041 1358 2100 τὸ
1378 2047 1480 2114 χωρίον

305 2127 350 2194 (cf.
371 2133 386 2192 ἕ
407 2123 475 2180 1τά
496 2121 642 2194 ἐπιτήδεια
662 2119 797 2192 ἐπέλιπε).
834 2123 938 2179 Οοολτω
956 2124 1036 2178 Hom.
1057 2127 1087 2181 Il.
1108 2125 1146 2177 XI
1165 2133 1223 2180 365.
1245 2131 1297 2178 434
1322 2121 1431 2190 ἐξανύω
1452 2128 1493 2178 el

306 2205 432 2276 ἐρύουσι,
457 2223 518 2260 cum
538 2204 687 2258 ebrevem
707 2204 842 2270 habeant,
867 2204 961 2257 future,
984 2206 1050 2256 sunl
1072 2222 1123 2274 pro
1143 2201 1269 2270 ἐξανύσαι
1290 2207 1318 2258 ολ
1338 2200 1476 2272 ἐρύσουσι.

304 2287 402 2356 Neque
426 2288 480 2339 huo
505 2283 645 2354 pertinent
668 2283 798 2336 infinitivi
820 2283 976 2351 praesentis
1001 2286 1129 2354 exemplu
1153 2303 1170 2340 a
1191 2285 1282 2340 verbis
1302 2283 1412 2338 dicendi
1433 2287 1478 2341 vel

304 2367 423 2435 putandi
441 2365 589 2435 pendentis
609 2379 680 2430 quae
698 2361 811 2416 volendi
826 2365 993 2418 senlenliem
1010 2368 1228 2434 assumpserunt,
1247 2365 1329 2418 velut
1343 2366 1366 2417 si
1381 2367 1478 2418 δοκεῖν

305 2448 504 2514 decernere,
523 2443 616 2513 λέγειν
635 2443 751 2496 iubere
770 2444 793 2510 (l
813 2448 854 2509 78,
874 2450 899 2500 4,
927 2444 965 2496 IV
979 2451 1004 2512 2,
1020 2448 1047 2514 3)
1067 2445 1150 2502 valet.
1179 2445 1219 2498 (ll.
1239 2443 1304 2498 VIII
1324 2451 1366 2512 93,
1386 2451 1410 2511 2,
1431 2444 1480 2497 ubi

304 2525 432 2594 λέγοντες
451 2525 593 2594 duplicem
611 2523 669 2576 vim
688 2522 787 2590 habet,
812 2523 929 2578 alierum
952 2524 989 2578 ad
1007 2524 1161 2579 infinitivos
1180 2525 1267 2578 futuri
1286 2525 1334 2592 qui
1353 2526 1478 2593 proxime

304 2607 465 2674 sequemur,
485 2605 652 2660 alteramur]
668 2601 821 2657 infinitivus
836 2606 991 2672 praesentis
1007 2609 1036 2660 eb
1050 2604 1149 2658 norisii
1164 2604 1212 2672 qui
1230 2604 1329 2658 deinde
1349 2605 1481 2674 leguniur

303 2689 408 2756 aptam.
446 2683 552 2738 Eodem
572 2687 655 2739 modo
680 2685 836 2754 explicatur
857 2687 893 2740 VI
913 2689 992 2750 88‚s
1017 2683 1091 2738 ἔστιν
1116 2676 1154 2737 ὦν
1179 2681 1290 2737 πόλεων
1316 2680 1480 2753 ἐπαγγελλο-

303 2765 397 2836 μένων
416 2767 464 2820 καλ
484 2761 578 2820 αύτῶν
598 2768 794 2836 ξυμπολεμείν,
813 2767 831 2820 i.
852 2783 875 2820 e.
895 2783 957 2819 oum
978 2766 1085 2834 aliquot
1104 2767 1186 2829 urbes
1206 2763 1291 2816 eliam
1311 2781 1361 2816 sue
1380 2767 1479 2832 sponte

304 2867 337 2902 se
353 2849 492 2918 paratos
508 2863 581 2900 esse
596 2849 793 2918 profiterenbur
807 2847 841 2899 ud
857 2846 962 2901 bellum
974 2845 1159 2900 communiter
1168 2843 1329 2913 gerendum.
1356 2842 1396 2896 cf.
1407 2843 1479 2899 Plau.

304 2928 388 2982 Lech.
410 2935 459 2983 189
470 2928 498 2980 b.
517 2928 600 2996 Gorg.
620 2933 673 2981 458
685 2927 710 2979 d.
737 2927 823 2994 Legg.
844 2933 895 2980 915
906 2944 930 2980 u.
963 2924 1097 2979 simililer
1115 2920 1149 2978 ού
1169 2920 1261 2992 φάναι
1279 2939 1479 2990 nonnunquam

303 3025 462 3063 recusare
472 3007 558 3072 vales,
569 3007 724 3060 velut·Xen.
735 3003 823 3058 Aneb.
832 3005 869 3058 IV
879 3013 903 3073 5,
914 3012 947 3058 15
957 3001 1009 3058 οὐκ
1021 3003 1133 3073 ἔφασαν
1143 3003 1329 3072 πορεύεσθαι,
1340 3004 1413 3071 quod
1425 3020 1478 3056 non

304 3089 445 3158 signifieat
470 3089 509 3140 ‘se
529 3088 703 3156 profecturos
723 3101 783 3138 esse
802 3086 966 3153 negebenl’‚
991 3086 1039 3140 sed
1066 3084 1215 3154 ‘proficisci
1238 3083 1427 3150 recusabenl’,
1450 3086 1480 3136 ei

304 3168 365 3236 Lys.
385 3167 450 3220 XIII
471 3173 511 3220 15.
532 3172 576 3221 47.
596 3165 693 3233 Neque
713 3163 797 3218 aliter
816 3164 997 3235 distinguilzur
1017 3166 1094 3218 Dein.
1113 3163 1205 3217 XXIII
1225 3169 1275 3216 170
1295 3158 1423 3229 ὀμόσαι.
1445 3205 1450 3216 .
1473 3203 1477 3213 .

303 3245 377 3301 εἶναι
398 3246 450 3316 μὲν
469 3243 520 3313 τὴν
539 3242 630 3314 ἀρχὴν
649 3241 748 3312 κοινὴν
769 3288 774 3298 .
796 3288 800 3298 .
823 3287 838 3311 .,
859 3243 967 3307 πάντας
986 3241 1014 3297 δ’
1035 3240 1103 3314 ὑμῖν
1122 3240 1283 3298 ἀποδοῦναι
1303 3240 1355 3311 τὴν
1373 3239 1476 3310 χώραν,

303 3327 321 3382 i.
346 3343 370 3380 e.
393 3325 586 3379 iuramento
611 3325 745 3378 sancire
770 3328 801 3378 ui
825 3325 971 3394 imperium
996 3341 1143 3380 commune
1167 3325 1205 3377 eit
1228 3325 1257 3376 elz
1280 3339 1375 3375 omnes
1400 3322 1478 3376 vobis

303 3411 406 3459 terram
425 3405 552 3470 teudone
573 3422 692 3473 quocum
712 3406 746 3460 ol.
767 3406 848 3460 Hom.
869 3405 919 3460 Od.
939 3407 977 3460 IV
996 3412 1057 3474 254,
1076 3408 1105 3459 et
1124 3405 1192 3458 Xen.
1212 3401 1283 3456 Hisl.
1300 3401 1345 3456 Gr.
1362 3402 1427 3469 114,
1444 3407 1479 3454 30

302 3481 522 3555 ὀμόσαντες...
542 3483 579 3554 μὴ
600 3482 829 3554 μνησικακήσειν,
848 3486 866 3540 i.
887 3504 909 3540 e.
929 3485 1037 3540 iursii
1056 3504 1085 3539 se
1104 3485 1243 3538 malorum
1267 3498 1323 3535 non
1342 3498 1478 3536 memores

302 3566 454 3634 f01·e(nos:
480 3566 665 3632 sehworen‚
692 3565 765 3619 dass
784 3567 891 3620 elwes
911 3566 982 3619 sein
1002 3565 1080 3632 soll,
1103 3565 1291 3630 ευλουὸεευ,
1310 3560 1384 3614 dass
1404 3578 1478 3614 men

302 3651 406 3700 eluas
425 3646 510 3699 'rhun
529 3645 631 3713 wird).
662 3644 783 3698 Verbum
803 3640 943 3713 εὔχεσθαι
961 3649 1055 3700 aulem
1074 3645 1158 3698 ellam
1178 3643 1227 3696 ubi
1246 3641 1413 3710 spondere
1433 3645 1477 3694 esi

301 3731 416 3797 propter
434 3726 558 3780 nativam
578 3725 708 3793 cupiendi
727 3725 784 3778 vim
800 3727 828 3778 eb
842 3725 916 3792 quod
935 3724 997 3795 ipsu
1015 3722 1129 3792 sponsio
1148 3718 1302 3776 voluntatis
1322 3720 1475 3774 declaratio

301 3809 345 3860 est
368 3806 539 3877 aliquotiens
563 3823 625 3860 oum
650 3804 698 3859 inf.
722 3821 811 3873 prees.
836 3804 946 3874 (Aeseh.
970 3806 1021 3873 Ag.
1041 3807 1104 3871 933)
1136 3804 1184 3856 aul
1207 3799 1304 3854 soristi
1334 3800 1426 3868 (Hom.
1445 3799 1476 3852 Il.

300 3887 392 3940 XVIII
406 3895 467 3942 499.
482 3888 551 3941 Xen.
571 3885 675 3955 Cyneg.
691 3892 716 3952 6,
735 3888 778 3954 13)
799 3885 931 3953 iungilur,
952 3901 1014 3937 cum
1033 3884 1198 3953 plerumque
1216 3878 1371 3934 infinitivus
1390 3879 1476 3932 futuri

301 3972 441 4036 sequatur.
478 3969 507 4021 ln
528 3967 612 4036 Soph.
633 3965 689 4020 ΟΒ.
710 3971 760 4019 269
772 3983 831 4033 sqq.
852 3967 892 4017 ile
910 3966 1036 4018 iunctum
1055 3963 1099 4016 esi
1117 3981 1180 4016 oum
1199 3962 1248 4014 inf.
1268 3975 1357 4029 praes.
1378 3961 1407 4012 el
1425 3958 1476 4012 fut.

300 4052 332 4101 ul
356 4065 419 4102 cum
442 4049 491 4102 illo
515 4046 665 4117 precari,
689 4063 752 4099 cum
781 4046 833 4098 hoe
862 4044 1030 4113 spondere
1057 4041 1205 4110 significet.
1244 4039 1337 4092 Verbe
1361 4039 1476 4107 promil-
1538 4033 1540 4040 '

300 4129 378 4182 tendi
398 4131 427 4181 et
446 4127 575 4196 sperandi
595 4144 656 4180 oum
678 4127 777 4193 suapte
795 4127 896 4177 natura
914 4123 951 4177 ed
969 4123 1076 4176 suturas
1096 4138 1139 4174 res
1164 4121 1300 4189 spectent,
1319 4136 1382 4172 eum
1401 4120 1476 4171 nudo

300 4208 438 4263 infinitivo
467 4224 555 4277 praes.
583 4210 633 4260 eut
660 4222 716 4259 eor.
745 4204 824 4273 iungi
853 4204 1001 4272 nequeunt.
1046 4200 1114 4254 Cum
1140 4200 1183 4253 his
1208 4195 1329 4263 ἐλπίζειν
1354 4203 1475 4268 putare

265 4334 268 4342 .
301 4290 346 4358 (es.
362 4290 461 4343 Aesoh.
478 4287 554 4358 Sept.
571 4294 613 4342 76.
633 4287 697 4339 Eur.
713 4285 773 4354 lph.
789 4284 819 4336 T.
837 4288 924 4350 1016),
943 4279 1145 4348 ὑπισχνεῖσθαι
1164 4277 1327 4347 profiberi
1346 4278 1390 4346 (of.
1406 4277 1474 4332 Xen.

299 4367 414 4423 Memor.
433 4369 446 4421 I
465 4375 489 4436 2,
510 4375 533 4422 3.
559 4365 824 4430 unanimous
851 4364 924 4416 elas.
944 4361 1018 4414 Prot.
1039 4365 1090 4413 319
1101 4363 1128 4428 a)
1153 4358 1237 4412 valet.
1275 4356 1373 4424 Neque
1393 4357 1475 4412 aliter

301 4446 420 4517 ἔλπομαι
443 4448 517 4518 npnd
542 4447 692 4501 Homerum
718 4445 763 4512 (ef.
788 4443 819 4495 ll.
843 4442 909 4495 XIII
933 4449 993 4495 309.
1022 4440 1072 4493 Od.
1093 4436 1183 4490 XXIII
1203 4440 1264 4504 345)
1304 4437 1376 4491 Nem
1401 4438 1475 4494 male

299 4527 391 4582 Madv.
407 4528 435 4580 in
450 4527 520 4580 Λᾶν.
537 4527 597 4579 orii.
615 4525 626 4577 I
641 4545 667 4595 p.
684 4530 744 4590 179,
760 4530 774 4576 1
790 4525 842 4577 hoe
858 4523 972 4576 verbum
988 4521 1023 4573 ad
1038 4536 1097 4572 rem
1112 4516 1234 4570 futuram
1250 4521 1376 4584 spectare
1393 4520 1477 4586 putet
