3322 5138
662 405 881 468 ..49-

181 573 333 632 communi
360 573 453 630 totius
477 570 619 630 Graeciae
648 589 731 629 sacro
761 573 791 628 61
816 570 847 627 in
872 571 1004 629 omnium
1028 570 1209 630 Graecorum
1231 589 1266 629 eo
1290 588 1357 630 con-

119 661 126 668 ’
181 671 367 730 venientium
396 671 556 744 conspectu
585 661 635 748 (cf.
659 669 687 725 V
713 669 763 743 18,
789 660 859 748 10),
892 668 943 743 qui
976 669 1094 727 facilius
1118 668 1252 726 Atticam
1280 669 1359 726 certe

182 787 272 843 quam
297 768 402 827 Eleum
425 766 587 824 dialectum
610 764 836 840 intellegebant,
860 765 1039 826 collocatum
1061 770 1115 826 est.
1139 764 1257 824 ‚Aliter
1281 766 1360 823 enim

183 865 222 922 ad
246 865 431 940 reliquarum
454 863 575 922 urbium
599 863 705 922 similit
693 862 826 922 tudinem
850 862 935 920 Elide
959 864 1059 939 potius
1083 863 1158 921 illud
1181 862 1359 920 collocatum

183 965 277 1038 ossei,
308 963 340 1020 in
367 962 510 1020 Eleorum
538 960 642 1035 capite.
696 958 781 1028 Quod
811 959 837 1017 si
864 959 908 1017 ita
935 963 994 1032 661,
1028 958 1198 1036 Olympiaci
1231 962 1361 1037 exempli

184 1060 393 1135 apographum
425 1061 479 1118 Th
509 1059 539 1116 in
572 1076 646 1133 opus
675 1076 762 1115 suum
790 1057 917 1132 recepit,
951 1062 1004 1117 aut
1031 1057 1105 1116 ab
1096 1077 1161 1133 rpso
1194 1059 1360 1117 confectum

184 1158 240 1215 aut
272 1156 309 1215 ab
343 1157 410 1216 aliis
443 1156 472 1215 ei
503 1156 637 1214 missum.
689 1155 832 1212 Praetera
860 1147 936 1230 ἐπήν
965 1155 1080 1214 duobus
1109 1155 1181 1213 locis
1210 1155 1362 1214 invenitur

183 1255 216 1312 in
245 1255 350 1313 ultimo
378 1273 481 1313 eorum
512 1250 677 1328 pactorum'
701 1271 777 1327 quae
805 1251 1032 1313 Lacedaemonii
1065 1272 1133 1312 cum
1161 1253 1360 1327 Tissapherne

183 1351 327 1411 fecerunt.
375 1351 464 1410 sed
457 1371 488 1410 m
515 1351 562 1409 his
590 1352 675 1426 patet
698 1349 830 1409 Atticam
854 1349 1015 1410 dialectum
1039 1351 1118 1428 quod
1141 1350 1267 1409 facilius
1283 1369 1361 1408 eom-

184 1451 314 1508 muniter
350 1450 579 1525 intellegeretur
614 1450 791 1522 usurpatam
825 1467 890 1507 esse
929 1439 1012 1528 (narn
1050 1450 1243 1540 Tissapherni
1280 1453 1360 1508 corte

184 1545 227 1604 At
214 1545 288 1604 ttica
315 1546 459 1604 dialectus
492 1548 615 1621 propter
641 1543 731 1603 vicini
732 1546 826 1602 tatem
858 1547 978 1605 urbium
1006 1547 1048 1605 At
1035 1548 1240 1607 theniensibus
1269 1547 1360 1606 socia-

184 1663 253 1700 rum
280 1645 377 1721 magis
403 1647 476 1703 nota
504 1647 570 1702 erat
598 1661 687 1718 quam
714 1637 890 1759 Ιιειροιιίοο),
923 1645 1085 1721 eademque
1119 1647 1155 1704 de
1188 1664 1278 1739 causa
1307 1665 1361 1720 pro

185 1735 306 1798 ε’ττειδάν
333 1745 364 1800 61
398 1743 532 1800 fortasse
555 1741 646 1799 etiem
674 1759 729 1816 pro
758 1732 826 1816 εὀἱν,
862 1760 937 1816 quae
965 1741 1085 1802 Atticae
1114 1742 1240 1802 dialecto
1272 1743 1361 1802 nimis

184 1838 306 1916 propria
324 1843 433 1915 essent,
446 1858 488 1898 ex
507 1838 655 1898 communi
669 1837 771 1895 ionica
790 1831 867 1914 ἕττήν
886 1842 917 1897 61
935 1832 975 1915 ἥν
994 1839 1025 1897 in
1043 1839 1080 1898 iis
1099 1840 1210 1916 ubique
1230 1858 1362 1898 assume-

185 1935 305 1994 bantur.
350 1937 429 1996 Nam
456 1939 516 1995 iam
544 1941 609 1995 tum
634 1934 768 1993 Atticum
793 1953 960 1994 sermonem
988 1936 1215 1996 Atheniensium
1237 1937 1361 2012 imperio

185 2034 336 2094 maritimo
355 2035 473 2110 longius
491 2036 690 2111 propagatum
708 2033 739 2091 in
760 2051 947 2092 communem
973 2053 1057 2092 usum
1080 2035 1179 2095 abisse
1202 2038 1233 2093 61
1256 2027 1363 2110 κοινήν

185 2132 270 2190 illam
294 2151 330 2190 ex
354 2151 388 2190 eo
412 2133 486 2191 oriri
508 2133 640 2207 coepisse
663 2130 750 2189 nohis
769 2151 945 2206 persuasum
971 2135 1024 2195 est.
1062 2133 1221 2209 Utcunque
1245 2136 1301 2206 661,
1323 2127 1363 2209 ἤν

186 2233 216 2288 61
240 2222 316 2308 ε’ττήν
339 2231 370 2288 16
394 2230 489 2305 pactis
512 2250 531 2288 a
554 2230 607 2287 Th.
632 2228 787 2304 exscriptis
814 2229 851 2287 ad
876 2248 964 2288 usum
993 2229 1218 2305 epigraphicum
1242 2232 1366 2289 mutare

187 2326 348 2386 nonlicet.

275 2424 311 2482 In
338 2439 374 2482 66
400 2444 454 2499 pro
481 2445 511 2482 ττ
539 2426 660 2497 excepto
688 2417 758 2482 ἅττα
786 2427 816 2482 61
842 2440 879 2501 ρσ
905 2444 959 2499 pro
987 2446 1021 2502 pp
1048 2424 1156 2498 positis
1184 2426 1287 2484 tantus
1316 2429 1362 2486 661

185 2521 333 2580 librorum
357 2539 518 2580 consensus
542 2523 576 2578 ut
598 2539 657 2579 uno
685 2522 748 2580 loco
778 2515 836 2600 (VI
861 2526 912 2597 11,
936 2515 970 2601 6)
999 2523 1029 2581 16
1058 2523 1194 2581 omnibus
1223 2523 1362 2583 videatur

186 2621 312 2696 θαρρεῖν
329 2618 391 2694 legi
409 2620 542 2694 itemque
562 2637 621 2676 uno
636 2618 700 2676 loco
715 2611 850 2695 πράττειν
865 2611 907 2700 (7
920 2622 971 2695 45,
986 2614 1020 2698 3)
1034 2619 1170 2697 κρείττων
1183 2613 1245 2698 (ΙΠ
1261 2623 1311 2697 45,
1327 2614 1361 2702 4)

188 2709 366 2788 ἐξαλλάττειν
389 2709 431 2795 (V
457 2719 507 2789 71,
534 2708 566 2794 1)
594 2710 786 2789 ταράττεσθαι
813 2709 902 2796 (VIII
928 2720 977 2792 71,
1004 2711 1050 2794 1),
1082 2719 1184 2792 paucis
1212 2737 1266 2792 pro
1295 2720 1362 2777 reli-

186 2834 315 2890 quorum
338 2833 462 2872 numero
486 2815 518 2872 in
540 2816 626 2888 parte
650 2832 753 2872 eorum
776 2835 806 2872 ιτ
825 2818 878 2873 aut
902 2836 936 2893 pp
958 2815 1137 2874 inveniatur.
1180 2815 1258 2874 Nam
1282 2817 1362 2893 quod

188 2911 280 2972 Oiass.
308 2913 341 2969 in
369 2912 461 2988 praef.
491 2912 527 2970 ad
551 2913 571 2969 l.
594 2910 670 2969 Vlll
692 2931 720 2985 p.
744 2911 828 2972 XXV
851 2913 923 2972 dicit
945 2913 977 2970 in
1000 2913 1070 2971 Vat.
1099 2915 1272 2972 constanter
1299 2915 1361 2974 fere

186 3031 215 3068 ττ
244 3010 346 3086 scribi,
374 3010 429 3069 hoc
457 3010 585 3068 maxime
613 3009 736 3069 dubium
765 3009 885 3070 videtur
913 3029 992 3084 esse,
1021 3030 1087 3070 eum
1116 3029 1152 3069 ex
1174 3011 1198 3070 l.
1227 3011 1242 3068 Ι
1272 3015 1303 3070 61
1329 3011 1361 3071 Π

188 3108 404 3184 scripturarum
429 3109 635 3183 discrepantiis
660 3128 694 3167 ex
716 3109 772 3166 hoc
796 3108 859 3167 cod.
883 3127 901 3166 a
924 3107 1067 3168 Schoenio
1091 3109 1220 3168 enotatis
1244 3114 1360 3170 contra·

188 3206 265 3263 rium
285 3209 437 3282 appareat.
476 3207 530 3264 Th.
550 3206 643 3282 igitur
661 3207 692 3263 in
711 3207 766 3264 hac
789 3226 831 3283 re,
854 3210 890 3265 ut
911 3206 1028 3282 tragici,
1051 3208 1256 3284 antiquiorem,
1273 3229 1361 3268 usum

189 3306 309 3362 secutus
333 3307 388 3378 661,
412 3325 479 3364 cum
503 3305 607 3363 comici
630 3323 815 3364 communem
840 3322 910 3364 suae
935 3305 1043 3363 6616116
1067 3305 1184 3364 dicendi
1206 3308 1363 3366 consuetu-

188 3401 286 3459 dinem
314 3404 518 3476 sequerentur.
564 3400 642 3458 Nam
665 3402 697 3459 in
719 3403 816 3460 titulis
840 3399 952 3460 Atticis
976 3403 1073 3478 quinti
1097 3404 1207 3463 saeculi
1231 3405 1362 3481 exeeptis
1431 3435 1434 3442 ν

189 3499 297 3558 Ionicis
327 3499 508 3575 quibusdam
535 3499 656 3558 urbium
684 3499 854 3558 nominibus
879 3503 909 3558 61
932 3494 1128 3579 Χερσονήσιοι
1151 3504 1363 3579 Χερσονησῖται

189 3596 374 3656 6141288
399 3588 441 3679 (a.
460 3596 513 3656 Ch.
533 3588 613 3675 452)
636 3597 747 3674 ubique
767 3613 802 3656 66
820 3613 856 3674 p6
878 3599 977 3656 exstat
1001 3589 1051 3678 (cf.
1076 3598 1172 3657 Oauer·
1193 3619 1223 3673 p.
1244 3601 1306 3658 285
1319 3618 1364 3675 sq.

189 3695 341 3754 Meisterh.
369 3693 390 3769 ξ
415 3697 466 3770 21,
491 3696 519 3753 3.
537 3685 588 3773 4).
638 3693 744 3769 Itaque
772 3697 916 3755 dialectus
945 3694 1139 3771 Thucydideo
1165 3697 1300 3771 postulat
1326 3700 1362 3755 ut

189 3791 231 3850 VI
251 3795 302 3870 55,
327 3795 343 3849 1
369 3791 530 3871 Μυρσίνης
552 3811 606 3867 pro
632 3792 792 3870 Μνρρίνης
815 3793 972 3870 scribatur,
996 3792 1074 3868 quod
1098 3793 1220 3866 insuper·
1242 3792 1358 3852 aristo-

189 3892 295 3966 phanis
330 3889 461 3969 Βνρσίνη
495 3883 585 3972 (Equ.
613 3887 694 3970 449)
729 3891 892 3949 confirmat.
943 3888 986 3950 cf.
1019 3887 1129 3949 Herod.
1157 3889 1188 3947 II
1216 3892 1290 3965 484,
1320 3893 1360 3948 22

190 3989 338 4069 Βυρσίνης
362 3989 530 4068 Μνρσίνης.
576 3977 616 4066 ἦν
646 3983 678 4047 δὲ
706 3981 778 4064 αὕτη
806 3980 883 4067 γυνὴ
901 3979 1020 4046 Ἱππίου
1047 3988 1099 4046 τοῦ
1122 3979 1284 4064 τυράννου.
1329 3985 1362 4047 ἐν

189 4091 248 4158 τοῖς
264 4079 408 4146 Ἱττττεῦσι.
454 4087 558 4164 Neque
583 4087 680 4144 minus
704 4104 758 4160 pro
782 4082 893 4164 δέρρεις
915 4083 946 4143 Π
971 4085 1021 4160 75,
1046 4085 1065 4143 5
1095 4081 1207 4163 δὲρσεις
1230 4085 1361 4145 scriben·

191 4183 259 4242 dum
295 4203 361 4243 6666
393 4186 544 4258 putamus.
596 4183 639 4244 of.
673 4186 812 4262 Δερσαῖοι
843 4184 874 4242 II
908 4185 980 4256 101,
1012 4185 1039 4242 3.
1090 4181 1126 4242 In
1151 4183 1247 4258 pactis
1280 4203 1298 4242 a
1331 4202 1362 4242 se

192 4281 346 4357 exscriptis
361 4281 417 4340 Th.
435 4303 465 4339 ττ
484 4283 647 4341 secundum
666 4300 751 4340 suam
770 4281 887 4341 dicendi
905 4279 1148 4340 consuetudinem
1162 4282 1193 4339 in
1212 4296 1248 4340 66
1265 4285 1362 4340 muta·

101 4377 105 4384 '
176 4379 247 4456 'vit,
274 4379 333 4438 nisi
360 4379 456 4438 credis
484 4379 515 4438 in
542 4379 712 4438 foederibus
736 4378 1037 4439 Lacedaemoniorum
1066 4397 1132 4436 cum
1161 4379 1362 4455 Tissapherne

193 4475 249 4534 iam
273 4495 309 4538 ex
332 4477 482 4536 communi
504 4477 610 4536 Ionum
635 4480 664 4536 61
686 4478 877 4538 Doriensium
900 4495 958 4536 usu
982 4492 1017 4534 66
1040 4476 1237 4536 substitutum
1260 4477 1361 4536 fuisse.

245 4586 341 4638 anina,
353 4588 446 4636 Quaeet.
460 4597 531 4636 gram.
1133 4583 1150 4628 4
