<?xml version="1.0" encoding="UTF-8"?>
<!DOCTYPE html PUBLIC "-//W3C//DTD XHTML 1.0 Transitional//EN"
    "http://www.w3.org/TR/xhtml1/DTD/xhtml1-transitional.dtd">
<html xmlns="http://www.w3.org/1999/xhtml" xml:lang="en" lang="en">
 <head>
  <title>
</title>
<meta http-equiv="Content-Type" content="text/html;charset=utf-8" />
  <meta name='ocr-system' content='tesseract 3.04.00' />
  <meta name='ocr-capabilities' content='ocr_page ocr_carea ocr_par ocr_line ocrx_word'/>
</head>
<body>
  <div class='ocr_page' id='page_1' title='image "./quaestionesgram00stahgoog_0047.png"; bbox 0 0 3322 5138; ppageno 0'>
   <div class='ocr_carea' id='block_1_1' title="bbox 789 417 1004 482">
    <p class='ocr_par' dir='ltr' id='par_1_1' title="bbox 789 417 1004 482">
     <span class='ocr_line' id='line_1_1' title="bbox 789 417 1004 482; baseline 0 -18"><span class='ocrx_word' id='word_1_1' title='bbox 789 417 1004 482; x_wconf 66' lang='lat'>-40..</span> 
     </span>
    </p>
   </div>
   <div class='ocr_carea' id='block_1_2' title="bbox 311 575 1491 3109">
    <p class='ocr_par' dir='ltr' id='par_1_2' title="bbox 311 575 1491 3109">
     <span class='ocr_line' id='line_1_2' title="bbox 311 575 1485 664; baseline 0 -19"><span class='ocrx_word' id='word_1_2' title='bbox 311 577 360 645; x_wconf 88' lang='grc' dir='ltr'><strong><em>διόι</em></strong></span> <span class='ocrx_word' id='word_1_3' title='bbox 383 587 435 660; x_wconf 79' lang='grc' dir='ltr'>τῆς</span> <span class='ocrx_word' id='word_1_4' title='bbox 459 605 484 644; x_wconf 89' lang='grc' dir='ltr'>ει</span> <span class='ocrx_word' id='word_1_5' title='bbox 508 578 677 663; x_wconf 79' lang='grc' dir='ltr'><strong><em>διφθόγγον</em></strong></span> <span class='ocrx_word' id='word_1_6' title='bbox 701 575 780 662; x_wconf 73' lang='grc' dir='ltr'><strong><em>παρὰ</em></strong></span> <span class='ocrx_word' id='word_1_7' title='bbox 804 575 836 642; x_wconf 89' lang='grc' dir='ltr'>τό</span> <span class='ocrx_word' id='word_1_8' title='bbox 860 587 956 656; x_wconf 82' lang='grc' dir='ltr'><strong><em>νεῖκος</em></strong></span> <span class='ocrx_word' id='word_1_9' title='bbox 981 580 1102 664; x_wconf 79' lang='grc' dir='ltr'><strong><em>ἐγένετο.</em></strong></span> <span class='ocrx_word' id='word_1_10' title='bbox 1138 585 1217 644; x_wconf 83' lang='lat' dir='ltr'>Nam</span> <span class='ocrx_word' id='word_1_11' title='bbox 1240 587 1322 644; x_wconf 79' lang='lat' dir='ltr'>certa</span> <span class='ocrx_word' id='word_1_12' title='bbox 1345 585 1485 660; x_wconf 84' lang='lat' dir='ltr'>analogia</span> 
     </span>
     <span class='ocr_line' id='line_1_3' title="bbox 312 677 1484 761; baseline -0.001 -18"><span class='ocrx_word' id='word_1_13' title='bbox 312 677 407 761; x_wconf 76' lang='lat' dir='ltr'>docet,</span> <span class='ocrx_word' id='word_1_14' title='bbox 427 683 453 742; x_wconf 91' lang='lat' dir='ltr'>si</span> <span class='ocrx_word' id='word_1_15' title='bbox 471 703 489 742; x_wconf 88' lang='lat' dir='ltr'>a</span> <span class='ocrx_word' id='word_1_16' title='bbox 507 686 603 754; x_wconf 83' lang='grc' dir='ltr'><strong><em>νεῖκος</em></strong></span> <span class='ocrx_word' id='word_1_17' title='bbox 622 681 768 759; x_wconf 81' lang='lat' dir='ltr'>originem</span> <span class='ocrx_word' id='word_1_18' title='bbox 786 682 840 740; x_wconf 88' lang='lat' dir='ltr'>illa</span> <span class='ocrx_word' id='word_1_19' title='bbox 858 681 976 758; x_wconf 89' lang='lat' dir='ltr'>ducant,</span> <span class='ocrx_word' id='word_1_20' title='bbox 999 682 1139 742; x_wconf 85' lang='lat' dir='ltr'>adiectivi</span> <span class='ocrx_word' id='word_1_21' title='bbox 1158 683 1284 743; x_wconf 85' lang='lat' dir='ltr'>formam</span> <span class='ocrx_word' id='word_1_22' title='bbox 1305 677 1484 761; x_wconf 75' lang='grc' dir='ltr'><strong><em>φιλονεικής,</em></strong></span> 
     </span>
     <span class='ocr_line' id='line_1_4' title="bbox 312 771 1484 858; baseline 0.003 -18"><span class='ocrx_word' id='word_1_23' title='bbox 312 801 371 840; x_wconf 92' lang='lat' dir='ltr'>non</span> <span class='ocrx_word' id='word_1_24' title='bbox 403 771 571 858; x_wconf 81' lang='grc' dir='ltr'><strong><em>φιλόνεικος</em></strong></span> <span class='ocrx_word' id='word_1_25' title='bbox 603 799 668 840; x_wconf 89' lang='lat' dir='ltr'>esse</span> <span class='ocrx_word' id='word_1_26' title='bbox 700 780 847 856; x_wconf 75' lang='lat' dir='ltr'>oportere.</span> <span class='ocrx_word' id='word_1_27' title='bbox 903 780 981 838; x_wconf 88' lang='lat' dir='ltr'>Nem</span> <span class='ocrx_word' id='word_1_28' title='bbox 1013 780 1044 838; x_wconf 93' lang='lat' dir='ltr'>in</span> <span class='ocrx_word' id='word_1_29' title='bbox 1078 783 1142 841; x_wconf 91' lang='lat' dir='ltr'>toto</span> <span class='ocrx_word' id='word_1_30' title='bbox 1175 781 1231 840; x_wconf 94' lang='lat' dir='ltr'>hoc</span> <span class='ocrx_word' id='word_1_31' title='bbox 1262 782 1484 857; x_wconf 73' lang='lat' dir='ltr'>compositionis</span> 
     </span>
     <span class='ocr_line' id='line_1_5' title="bbox 311 869 1485 960; baseline 0.002 -22"><span class='ocrx_word' id='word_1_32' title='bbox 311 899 421 956; x_wconf 86' lang='lat' dir='ltr'>genere</span> <span class='ocrx_word' id='word_1_33' title='bbox 440 881 549 938; x_wconf 88' lang='lat' dir='ltr'>neutra</span> <span class='ocrx_word' id='word_1_34' title='bbox 567 878 598 937; x_wconf 93' lang='lat' dir='ltr'>in</span> <span class='ocrx_word' id='word_1_35' title='bbox 617 901 649 950; x_wconf 89' lang='grc' dir='ltr'>ος</span> <span class='ocrx_word' id='word_1_36' title='bbox 673 877 913 938; x_wconf 74' lang='lat' dir='ltr'>terminationem</span> <span class='ocrx_word' id='word_1_37' title='bbox 936 899 971 954; x_wconf 91' lang='grc' dir='ltr'>ης</span> <span class='ocrx_word' id='word_1_38' title='bbox 995 869 1111 958; x_wconf 79' lang='grc' dir='ltr'><strong><em>(αλγής</em></strong></span> <span class='ocrx_word' id='word_1_39' title='bbox 1135 872 1246 956; x_wconf 75' lang='grc' dir='ltr'><strong><em>ανθης</em></strong></span> <span class='ocrx_word' id='word_1_40' title='bbox 1269 873 1354 957; x_wconf 79' lang='grc' dir='ltr'><strong><em>-αχης</em></strong></span> <span class='ocrx_word' id='word_1_41' title='bbox 1377 876 1485 960; x_wconf 82' lang='grc' dir='ltr'><strong><em>-βαρής</em></strong></span> 
     </span>
     <span class='ocr_line' id='line_1_6' title="bbox 313 967 1484 1056; baseline 0.002 -20"><span class='ocrx_word' id='word_1_42' title='bbox 313 970 414 1056; x_wconf 77' lang='grc' dir='ltr'><strong><em>-βελης</em></strong></span> <span class='ocrx_word' id='word_1_43' title='bbox 446 969 544 1056; x_wconf 67' lang='lat' dir='ltr'>perric</span> <span class='ocrx_word' id='word_1_44' title='bbox 575 970 663 1052; x_wconf 84' lang='grc' dir='ltr'><strong><em>-επής</em></strong></span> <span class='ocrx_word' id='word_1_45' title='bbox 696 968 797 1053; x_wconf 86' lang='grc' dir='ltr'><strong><em>-ερκη’ς</em></strong></span> <span class='ocrx_word' id='word_1_46' title='bbox 829 967 905 1051; x_wconf 79' lang='grc' dir='ltr'><strong><em>-ετης</em></strong></span> <span class='ocrx_word' id='word_1_47' title='bbox 938 969 1066 1055; x_wconf 54' lang='grc' dir='ltr'><strong><em>ιθαρσής</em></strong></span> <span class='ocrx_word' id='word_1_48' title='bbox 1099 969 1196 1054; x_wconf 82' lang='grc' dir='ltr'><strong><em>-κλεής</em></strong></span> <span class='ocrx_word' id='word_1_49' title='bbox 1230 970 1349 1055; x_wconf 79' lang='grc' dir='ltr'><strong><em>-κρατής</em></strong></span> <span class='ocrx_word' id='word_1_50' title='bbox 1381 973 1484 1056; x_wconf 78' lang='grc' dir='ltr'><strong><em>-κυδης</em></strong></span> 
     </span>
     <span class='ocr_line' id='line_1_7' title="bbox 313 1064 1485 1154; baseline 0.001 -20"><span class='ocrx_word' id='word_1_51' title='bbox 313 1068 415 1153; x_wconf 78' lang='grc' dir='ltr'><strong><em>-μενης</em></strong></span> <span class='ocrx_word' id='word_1_52' title='bbox 435 1068 541 1152; x_wconf 78' lang='grc' dir='ltr'><strong><em>-μηκης</em></strong></span> <span class='ocrx_word' id='word_1_53' title='bbox 560 1067 664 1152; x_wconf 82' lang='grc' dir='ltr'><strong><em>-μερης</em></strong></span> <span class='ocrx_word' id='word_1_54' title='bbox 682 1067 788 1150; x_wconf 81' lang='grc' dir='ltr'><strong><em>-νεφης</em></strong></span> <span class='ocrx_word' id='word_1_55' title='bbox 805 1064 923 1150; x_wconf 79' lang='grc' dir='ltr'><strong><em>-παθης</em></strong></span> <span class='ocrx_word' id='word_1_56' title='bbox 940 1067 1066 1151; x_wconf 80' lang='grc' dir='ltr'><strong><em>-πενθής</em></strong></span> <span class='ocrx_word' id='word_1_57' title='bbox 1085 1067 1216 1152; x_wconf 83' lang='grc' dir='ltr'><strong><em>-πληθής</em></strong></span> <span class='ocrx_word' id='word_1_58' title='bbox 1235 1069 1359 1153; x_wconf 79' lang='grc' dir='ltr'><strong><em>σθενής</em></strong></span> <span class='ocrx_word' id='word_1_59' title='bbox 1380 1071 1485 1154; x_wconf 81' lang='grc' dir='ltr'><strong><em>-τειχης</em></strong></span> 
     </span>
     <span class='ocr_line' id='line_1_8' title="bbox 313 1164 1484 1252; baseline 0 -20"><span class='ocrx_word' id='word_1_60' title='bbox 313 1166 407 1249; x_wconf 81' lang='grc' dir='ltr'><strong><em>-τελής</em></strong></span> <span class='ocrx_word' id='word_1_61' title='bbox 435 1166 551 1250; x_wconf 79' lang='grc' dir='ltr'><strong><em>-τενχής</em></strong></span> <span class='ocrx_word' id='word_1_62' title='bbox 578 1164 684 1250; x_wconf 69' lang='grc' dir='ltr'><strong><em>φανός)</em></strong></span> <span class='ocrx_word' id='word_1_63' title='bbox 712 1171 853 1230; x_wconf 87' lang='lat' dir='ltr'>officiunt.</span> <span class='ocrx_word' id='word_1_64' title='bbox 900 1171 947 1228; x_wconf 77' lang='lat' dir='ltr'>Sic</span> <span class='ocrx_word' id='word_1_65' title='bbox 976 1189 994 1230; x_wconf 88' lang='lat' dir='ltr'>a</span> <span class='ocrx_word' id='word_1_66' title='bbox 1021 1175 1118 1244; x_wconf 85' lang='grc' dir='ltr'><strong><em>νεῖκος</em></strong></span> <span class='ocrx_word' id='word_1_67' title='bbox 1144 1173 1265 1233; x_wconf 84' lang='lat' dir='ltr'>ducitur</span> <span class='ocrx_word' id='word_1_68' title='bbox 1291 1173 1484 1252; x_wconf 81' lang='grc' dir='ltr'><strong><em>Πολυνείκης,</em></strong></span> 
     </span>
     <span class='ocr_line' id='line_1_9' title="bbox 312 1267 1485 1346; baseline -0.001 -15"><span class='ocrx_word' id='word_1_69' title='bbox 312 1271 395 1331; x_wconf 88' lang='lat' dir='ltr'>cuius</span> <span class='ocrx_word' id='word_1_70' title='bbox 414 1271 542 1330; x_wconf 89' lang='lat' dir='ltr'>nominis</span> <span class='ocrx_word' id='word_1_71' title='bbox 561 1269 707 1346; x_wconf 84' lang='lat' dir='ltr'>originem</span> <span class='ocrx_word' id='word_1_72' title='bbox 721 1268 881 1345; x_wconf 88' lang='lat' dir='ltr'>designant</span> <span class='ocrx_word' id='word_1_73' title='bbox 895 1267 984 1343; x_wconf 84' lang='lat' dir='ltr'>Soph.</span> <span class='ocrx_word' id='word_1_74' title='bbox 1000 1267 1070 1327; x_wconf 86' lang='lat' dir='ltr'>Ant.</span> <span class='ocrx_word' id='word_1_75' title='bbox 1088 1273 1159 1328; x_wconf 91' lang='lat'>111.</span> <span class='ocrx_word' id='word_1_76' title='bbox 1178 1271 1249 1330; x_wconf 83' lang='lat' dir='ltr'>Eur.</span> <span class='ocrx_word' id='word_1_77' title='bbox 1266 1270 1375 1330; x_wconf 89' lang='lat' dir='ltr'>Phocn.</span> <span class='ocrx_word' id='word_1_78' title='bbox 1393 1273 1485 1344; x_wconf 82' lang='lat'>1494,</span> 
     </span>
     <span class='ocr_line' id='line_1_10' title="bbox 313 1357 1485 1449; baseline 0.001 -21"><span class='ocrx_word' id='word_1_79' title='bbox 313 1362 488 1445; x_wconf 79' lang='grc' dir='ltr'><strong><em>πολυνεικης</em></strong></span> <span class='ocrx_word' id='word_1_80' title='bbox 522 1360 642 1449; x_wconf 90' lang='lat' dir='ltr'>(Aesch.</span> <span class='ocrx_word' id='word_1_81' title='bbox 675 1365 755 1442; x_wconf 84' lang='lat' dir='ltr'>Sept.</span> <span class='ocrx_word' id='word_1_82' title='bbox 790 1359 869 1448; x_wconf 88' lang='lat'>830)</span> <span class='ocrx_word' id='word_1_83' title='bbox 903 1357 1083 1445; x_wconf 79' lang='grc' dir='ltr'><strong><em>σἰμφινεικής</em></strong></span> <span class='ocrx_word' id='word_1_84' title='bbox 1117 1359 1223 1448; x_wconf 84' lang='lat' dir='ltr'>(Soph.</span> <span class='ocrx_word' id='word_1_85' title='bbox 1258 1368 1364 1426; x_wconf 85' lang='lat' dir='ltr'>Trach.</span> <span class='ocrx_word' id='word_1_86' title='bbox 1400 1361 1485 1448; x_wconf 85' lang='lat'>104).</span> 
     </span>
     <span class='ocr_line' id='line_1_11' title="bbox 313 1464 1484 1544; baseline 0 -18"><span class='ocrx_word' id='word_1_87' title='bbox 313 1470 418 1544; x_wconf 86' lang='lat' dir='ltr'>Neque</span> <span class='ocrx_word' id='word_1_88' title='bbox 450 1465 548 1524; x_wconf 89' lang='lat' dir='ltr'>minus</span> <span class='ocrx_word' id='word_1_89' title='bbox 582 1468 705 1540; x_wconf 89' lang='lat' dir='ltr'>propter</span> <span class='ocrx_word' id='word_1_90' title='bbox 737 1464 986 1539; x_wconf 86' lang='lat' dir='ltr'>significationem</span> <span class='ocrx_word' id='word_1_91' title='bbox 1021 1465 1185 1541; x_wconf 74' lang='grc' dir='ltr'><strong><em>φιλονεικία</em></strong></span> <span class='ocrx_word' id='word_1_92' title='bbox 1217 1465 1399 1526; x_wconf 81' lang='lat' dir='ltr'>reiciendum</span> <span class='ocrx_word' id='word_1_93' title='bbox 1433 1470 1484 1526; x_wconf 90' lang='lat' dir='ltr'>est.</span> 
     </span>
     <span class='ocr_line' id='line_1_12' title="bbox 314 1563 1487 1640; baseline -0.005 -14"><span class='ocrx_word' id='word_1_94' title='bbox 314 1569 391 1626; x_wconf 90' lang='lat' dir='ltr'>Nam</span> <span class='ocrx_word' id='word_1_95' title='bbox 416 1567 513 1635; x_wconf 85' lang='grc' dir='ltr'><strong><em>νεῖκος</em></strong></span> <span class='ocrx_word' id='word_1_96' title='bbox 537 1563 646 1638; x_wconf 80' lang='lat' dir='ltr'>rixam,</span> <span class='ocrx_word' id='word_1_97' title='bbox 670 1563 912 1638; x_wconf 89' lang='lat' dir='ltr'>controversiam,</span> <span class='ocrx_word' id='word_1_98' title='bbox 935 1581 1068 1639; x_wconf 87' lang='lat' dir='ltr'>pugnarn</span> <span class='ocrx_word' id='word_1_99' title='bbox 1091 1563 1250 1640; x_wconf 85' lang='lat' dir='ltr'>significat,</span> <span class='ocrx_word' id='word_1_100' title='bbox 1273 1581 1332 1621; x_wconf 92' lang='lat' dir='ltr'>non</span> <span class='ocrx_word' id='word_1_101' title='bbox 1354 1563 1487 1622; x_wconf 88' lang='lat' dir='ltr'>certandi</span> 
     </span>
     <span class='ocr_line' id='line_1_13' title="bbox 314 1659 1485 1737; baseline -0.005 -13"><span class='ocrx_word' id='word_1_102' title='bbox 314 1665 374 1726; x_wconf 90' lang='lat' dir='ltr'>vim</span> <span class='ocrx_word' id='word_1_103' title='bbox 398 1663 503 1734; x_wconf 88' lang='lat' dir='ltr'>habet,</span> <span class='ocrx_word' id='word_1_104' title='bbox 532 1660 610 1718; x_wconf 89' lang='lat' dir='ltr'>unde</span> <span class='ocrx_word' id='word_1_105' title='bbox 633 1659 705 1718; x_wconf 91' lang='lat' dir='ltr'>oriri</span> <span class='ocrx_word' id='word_1_106' title='bbox 728 1660 823 1734; x_wconf 89' lang='lat' dir='ltr'>possit</span> <span class='ocrx_word' id='word_1_107' title='bbox 846 1661 1010 1737; x_wconf 85' lang='grc' dir='ltr'><strong><em>φιλονεικία</em></strong></span> <span class='ocrx_word' id='word_1_108' title='bbox 1033 1662 1177 1722; x_wconf 91' lang='lat' dir='ltr'>vocabulo</span> <span class='ocrx_word' id='word_1_109' title='bbox 1201 1660 1375 1720; x_wconf 81' lang='lat' dir='ltr'>ambitionis</span> <span class='ocrx_word' id='word_1_110' title='bbox 1397 1660 1485 1721; x_wconf 90' lang='lat' dir='ltr'>notio.</span> 
     </span>
     <span class='ocr_line' id='line_1_14' title="bbox 314 1754 1487 1835; baseline -0.003 -15"><span class='ocrx_word' id='word_1_111' title='bbox 314 1761 450 1835; x_wconf 88' lang='lat' dir='ltr'>Denique</span> <span class='ocrx_word' id='word_1_112' title='bbox 477 1777 542 1816; x_wconf 88' lang='lat' dir='ltr'>rem</span> <span class='ocrx_word' id='word_1_113' title='bbox 569 1757 695 1814; x_wconf 87' lang='lat' dir='ltr'>maxime</span> <span class='ocrx_word' id='word_1_114' title='bbox 724 1754 880 1816; x_wconf 88' lang='lat' dir='ltr'>confirmat</span> <span class='ocrx_word' id='word_1_115' title='bbox 902 1759 979 1820; x_wconf 83' lang='lat' dir='ltr'>Plat.</span> <span class='ocrx_word' id='word_1_116' title='bbox 1008 1761 1045 1818; x_wconf 93' lang='lat' dir='ltr'>de</span> <span class='ocrx_word' id='word_1_117' title='bbox 1071 1759 1141 1835; x_wconf 82' lang='lat' dir='ltr'>Rep.</span> <span class='ocrx_word' id='word_1_118' title='bbox 1166 1761 1226 1819; x_wconf 84' lang='lat'>581</span> <span class='ocrx_word' id='word_1_119' title='bbox 1245 1758 1273 1816; x_wconf 94' lang='lat' dir='ltr'>b.</span> <span class='ocrx_word' id='word_1_120' title='bbox 1297 1759 1360 1818; x_wconf 86' lang='lat'>582</span> <span class='ocrx_word' id='word_1_121' title='bbox 1377 1777 1408 1833; x_wconf 94' lang='lat' dir='ltr'>e,</span> <span class='ocrx_word' id='word_1_122' title='bbox 1437 1758 1487 1817; x_wconf 91' lang='lat' dir='ltr'>ubi</span> 
     </span>
     <span class='ocr_line' id='line_1_15' title="bbox 314 1847 1486 1934; baseline 0 -18"><span class='ocrx_word' id='word_1_123' title='bbox 314 1858 345 1916; x_wconf 92' lang='lat' dir='ltr'>in</span> <span class='ocrx_word' id='word_1_124' title='bbox 373 1855 456 1916; x_wconf 90' lang='lat' dir='ltr'>codd.</span> <span class='ocrx_word' id='word_1_125' title='bbox 484 1855 604 1930; x_wconf 89' lang='lat' dir='ltr'>quidem</span> <span class='ocrx_word' id='word_1_126' title='bbox 632 1847 802 1930; x_wconf 82' lang='grc' dir='ltr'><strong><em>φιλόνεικον</em></strong></span> <span class='ocrx_word' id='word_1_127' title='bbox 829 1857 861 1914; x_wconf 91' lang='lat' dir='ltr'>et</span> <span class='ocrx_word' id='word_1_128' title='bbox 889 1851 1055 1933; x_wconf 85' lang='grc' dir='ltr'><strong><em>φιλόνεικος</em></strong></span> <span class='ocrx_word' id='word_1_129' title='bbox 1082 1856 1207 1934; x_wconf 85' lang='lat' dir='ltr'>legitur,</span> <span class='ocrx_word' id='word_1_130' title='bbox 1235 1856 1287 1915; x_wconf 89' lang='lat' dir='ltr'>sed</span> <span class='ocrx_word' id='word_1_131' title='bbox 1311 1857 1377 1932; x_wconf 92' lang='lat' dir='ltr'>ipse</span> <span class='ocrx_word' id='word_1_132' title='bbox 1401 1857 1486 1916; x_wconf 88' lang='lat' dir='ltr'>Plato</span> 
     </span>
     <span class='ocr_line' id='line_1_16' title="bbox 318 1952 1488 2033; baseline -0.001 -18"><span class='ocrx_word' id='word_1_133' title='bbox 318 1973 420 2015; x_wconf 90' lang='lat' dir='ltr'>eorum</span> <span class='ocrx_word' id='word_1_134' title='bbox 439 1952 652 2012; x_wconf 88' lang='lat' dir='ltr'>vocabulorum</span> <span class='ocrx_word' id='word_1_135' title='bbox 670 1952 817 2028; x_wconf 81' lang='lat' dir='ltr'>originem</span> <span class='ocrx_word' id='word_1_136' title='bbox 841 1957 1013 2016; x_wconf 69' lang='lat' dir='ltr'>anteiret</span> <span class='ocrx_word' id='word_1_137' title='bbox 1035 1955 1103 2033; x_wconf 89' lang='grc' dir='ltr'><strong><em>νίκη</em></strong></span> <span class='ocrx_word' id='word_1_138' title='bbox 1127 1955 1245 2031; x_wconf 82' lang='lat' dir='ltr'>repetit.</span> <span class='ocrx_word' id='word_1_139' title='bbox 1280 1955 1372 2014; x_wconf 85' lang='lat' dir='ltr'>Recte</span> <span class='ocrx_word' id='word_1_140' title='bbox 1396 1955 1488 2031; x_wconf 87' lang='lat' dir='ltr'>igitur</span> 
     </span>
     <span class='ocr_line' id='line_1_17' title="bbox 317 2048 1488 2129; baseline 0 -17"><span class='ocrx_word' id='word_1_141' title='bbox 317 2053 408 2112; x_wconf 90' lang='lat' dir='ltr'>schol.</span> <span class='ocrx_word' id='word_1_142' title='bbox 441 2050 478 2109; x_wconf 88' lang='lat' dir='ltr'>ad</span> <span class='ocrx_word' id='word_1_143' title='bbox 511 2049 588 2108; x_wconf 85' lang='lat' dir='ltr'>Plat.</span> <span class='ocrx_word' id='word_1_144' title='bbox 617 2048 680 2110; x_wconf 91' lang='lat' dir='ltr'>Alc.</span> <span class='ocrx_word' id='word_1_145' title='bbox 711 2053 772 2109; x_wconf 89' lang='lat'>122</span> <span class='ocrx_word' id='word_1_146' title='bbox 789 2069 817 2128; x_wconf 93' lang='lat' dir='ltr'>c,</span> <span class='ocrx_word' id='word_1_147' title='bbox 851 2051 902 2110; x_wconf 92' lang='lat' dir='ltr'>ubi</span> <span class='ocrx_word' id='word_1_148' title='bbox 934 2053 1007 2112; x_wconf 90' lang='lat' dir='ltr'>item</span> <span class='ocrx_word' id='word_1_149' title='bbox 1039 2051 1223 2129; x_wconf 85' lang='grc' dir='ltr'><strong><em>φιλονεικίαν</em></strong></span> <span class='ocrx_word' id='word_1_150' title='bbox 1256 2052 1401 2112; x_wconf 85' lang='lat' dir='ltr'>traditum</span> <span class='ocrx_word' id='word_1_151' title='bbox 1434 2056 1488 2128; x_wconf 86' lang='lat' dir='ltr'>est,</span> 
     </span>
     <span class='ocr_line' id='line_1_18' title="bbox 315 2141 1488 2230; baseline -0.003 -18"><span class='ocrx_word' id='word_1_152' title='bbox 315 2151 475 2230; x_wconf 86' lang='grc' dir='ltr'><strong><em>σημείωσαι</em></strong></span> <span class='ocrx_word' id='word_1_153' title='bbox 503 2147 671 2226; x_wconf 89' lang='grc' dir='ltr'><strong><em>φιλονικίαν</em></strong></span> <span class='ocrx_word' id='word_1_154' title='bbox 699 2141 748 2208; x_wconf 80' lang='grc' dir='ltr'>διό</span> <span class='ocrx_word' id='word_1_155' title='bbox 776 2151 828 2208; x_wconf 84' lang='grc' dir='ltr'>τοῦ</span> <span class='ocrx_word' id='word_1_156' title='bbox 857 2165 880 2228; x_wconf 89' lang='grc' dir='ltr'>ῑ,</span> <span class='ocrx_word' id='word_1_157' title='bbox 907 2142 961 2226; x_wconf 80' lang='grc' dir='ltr'>τὴν</span> <span class='ocrx_word' id='word_1_158' title='bbox 987 2150 1089 2227; x_wconf 87' lang='grc' dir='ltr'><strong><em>φιλίαν</em></strong></span> <span class='ocrx_word' id='word_1_159' title='bbox 1111 2151 1162 2225; x_wconf 78' lang='grc' dir='ltr'>τῆς</span> <span class='ocrx_word' id='word_1_160' title='bbox 1185 2149 1277 2227; x_wconf 86' lang='grc' dir='ltr'><strong><em>νίκης.</em></strong></span> <span class='ocrx_word' id='word_1_161' title='bbox 1325 2148 1369 2209; x_wconf 78' lang='lat' dir='ltr'>Of.</span> <span class='ocrx_word' id='word_1_162' title='bbox 1394 2151 1488 2210; x_wconf 87' lang='lat' dir='ltr'>Bekk.</span> 
     </span>
     <span class='ocr_line' id='line_1_19' title="bbox 316 2238 1489 2325; baseline -0.003 -16"><span class='ocrx_word' id='word_1_163' title='bbox 316 2249 427 2310; x_wconf 88' lang='lat' dir='ltr'>Anccd.</span> <span class='ocrx_word' id='word_1_164' title='bbox 441 2269 468 2324; x_wconf 93' lang='lat' dir='ltr'>p.</span> <span class='ocrx_word' id='word_1_165' title='bbox 481 2248 554 2321; x_wconf 92' lang='grc'><strong>315,</strong></span> <span class='ocrx_word' id='word_1_166' title='bbox 568 2249 608 2305; x_wconf 86' lang='grc'>23</span> <span class='ocrx_word' id='word_1_167' title='bbox 623 2239 802 2323; x_wconf 88' lang='grc' dir='ltr'><strong><em>φιλόνεικος·</em></strong></span> <span class='ocrx_word' id='word_1_168' title='bbox 823 2238 838 2306; x_wconf 91' lang='grc' dir='ltr'><strong><em>ό</em></strong></span> <span class='ocrx_word' id='word_1_169' title='bbox 852 2239 932 2325; x_wconf 85' lang='grc' dir='ltr'><strong><em>παρόι</em></strong></span> <span class='ocrx_word' id='word_1_170' title='bbox 946 2239 977 2306; x_wconf 87' lang='grc' dir='ltr'>τό</span> <span class='ocrx_word' id='word_1_171' title='bbox 992 2244 1138 2325; x_wconf 85' lang='grc' dir='ltr'><strong><em>βέλτιστον</em></strong></span> <span class='ocrx_word' id='word_1_172' title='bbox 1152 2249 1238 2306; x_wconf 81' lang='grc' dir='ltr'><strong><em>νικᾶν</em></strong></span> <span class='ocrx_word' id='word_1_173' title='bbox 1252 2243 1358 2306; x_wconf 79' lang='grc' dir='ltr'><strong><em>θέλων.</em></strong></span> <span class='ocrx_word' id='word_1_174' title='bbox 1378 2247 1489 2307; x_wconf 86' lang='lat' dir='ltr'>Veram</span> 
     </span>
     <span class='ocr_line' id='line_1_20' title="bbox 316 2341 1490 2421; baseline -0.001 -15"><span class='ocrx_word' id='word_1_175' title='bbox 316 2349 443 2408; x_wconf 87' lang='lat' dir='ltr'>formam</span> <span class='ocrx_word' id='word_1_176' title='bbox 467 2343 632 2421; x_wconf 88' lang='grc' dir='ltr'><strong><em>φιλονικίας</em></strong></span> <span class='ocrx_word' id='word_1_177' title='bbox 660 2342 740 2418; x_wconf 88' lang='lat' dir='ltr'>apud</span> <span class='ocrx_word' id='word_1_178' title='bbox 764 2343 819 2403; x_wconf 82' lang='lat' dir='ltr'>Th.</span> <span class='ocrx_word' id='word_1_179' title='bbox 843 2341 933 2418; x_wconf 85' lang='grc'><strong>141,</strong></span> <span class='ocrx_word' id='word_1_180' title='bbox 958 2346 976 2403; x_wconf 87' lang='grc'><strong>3</strong></span> <span class='ocrx_word' id='word_1_181' title='bbox 1001 2345 1065 2404; x_wconf 92' lang='lat' dir='ltr'>Pal.</span> <span class='ocrx_word' id='word_1_182' title='bbox 1089 2345 1229 2404; x_wconf 73' lang='lat' dir='ltr'>serravit.</span> <span class='ocrx_word' id='word_1_183' title='bbox 1276 2345 1385 2404; x_wconf 88' lang='lat' dir='ltr'>Parum</span> <span class='ocrx_word' id='word_1_184' title='bbox 1409 2350 1490 2405; x_wconf 87' lang='lat' dir='ltr'>recte</span> 
     </span>
     <span class='ocr_line' id='line_1_21' title="bbox 317 2434 1491 2521; baseline -0.003 -17"><span class='ocrx_word' id='word_1_185' title='bbox 317 2438 428 2519; x_wconf 83' lang='grc' dir='ltr'><strong><em>ιόφελία</em></strong></span> <span class='ocrx_word' id='word_1_186' title='bbox 456 2441 493 2500; x_wconf 88' lang='lat' dir='ltr'>ab</span> <span class='ocrx_word' id='word_1_187' title='bbox 517 2440 627 2498; x_wconf 87' lang='lat' dir='ltr'>Herod.</span> <span class='ocrx_word' id='word_1_188' title='bbox 651 2438 682 2498; x_wconf 89' lang='lat'>11</span> <span class='ocrx_word' id='word_1_189' title='bbox 707 2441 778 2514; x_wconf 92' lang='lat'>611,</span> <span class='ocrx_word' id='word_1_190' title='bbox 806 2443 822 2498; x_wconf 94' lang='lat'>1</span> <span class='ocrx_word' id='word_1_191' title='bbox 852 2435 1077 2521; x_wconf 74' lang='grc' dir='ltr'><strong><em>ποιητικώτερον</em></strong></span> <span class='ocrx_word' id='word_1_192' title='bbox 1105 2461 1195 2518; x_wconf 91' lang='lat' dir='ltr'>quam</span> <span class='ocrx_word' id='word_1_193' title='bbox 1223 2434 1349 2518; x_wconf 79' lang='grc' dir='ltr'><strong><em>ὠφέλεια</em></strong></span> <span class='ocrx_word' id='word_1_194' title='bbox 1377 2442 1434 2502; x_wconf 92' lang='lat' dir='ltr'>dici</span> <span class='ocrx_word' id='word_1_195' title='bbox 1461 2445 1491 2502; x_wconf 89' lang='lat' dir='ltr'>et</span> 
     </span>
     <span class='ocr_line' id='line_1_22' title="bbox 316 2537 1490 2618; baseline 0.001 -19"><span class='ocrx_word' id='word_1_196' title='bbox 316 2545 473 2617; x_wconf 79' lang='lat' dir='ltr'>poctarum</span> <span class='ocrx_word' id='word_1_197' title='bbox 493 2537 695 2598; x_wconf 80' lang='lat' dir='ltr'>scaenicorum</span> <span class='ocrx_word' id='word_1_198' title='bbox 718 2556 801 2597; x_wconf 88' lang='lat' dir='ltr'>usus.</span> <span class='ocrx_word' id='word_1_199' title='bbox 815 2539 956 2618; x_wconf 87' lang='lat' dir='ltr'>ostendit,</span> <span class='ocrx_word' id='word_1_200' title='bbox 979 2541 1031 2617; x_wconf 89' lang='lat' dir='ltr'>qui</span> <span class='ocrx_word' id='word_1_201' title='bbox 1054 2544 1180 2615; x_wconf 86' lang='lat' dir='ltr'>utraque</span> <span class='ocrx_word' id='word_1_202' title='bbox 1204 2541 1301 2599; x_wconf 86' lang='lat' dir='ltr'>forme</span> <span class='ocrx_word' id='word_1_203' title='bbox 1323 2539 1490 2614; x_wconf 89' lang='lat' dir='ltr'>promiscue</span> 
     </span>
     <span class='ocr_line' id='line_1_23' title="bbox 317 2629 1488 2718; baseline 0 -20"><span class='ocrx_word' id='word_1_204' title='bbox 317 2640 445 2698; x_wconf 89' lang='lat' dir='ltr'>utuntur</span> <span class='ocrx_word' id='word_1_205' title='bbox 473 2629 614 2718; x_wconf 80' lang='grc' dir='ltr'><strong><em>(ὠφέλεια</em></strong></span> <span class='ocrx_word' id='word_1_206' title='bbox 638 2633 725 2711; x_wconf 88' lang='lat' dir='ltr'>Soph.</span> <span class='ocrx_word' id='word_1_207' title='bbox 750 2635 796 2696; x_wconf 82' lang='grc' dir='ltr'>ΕΙ.</span> <span class='ocrx_word' id='word_1_208' title='bbox 822 2640 894 2700; x_wconf 84' lang='grc'><strong>944.</strong></span> <span class='ocrx_word' id='word_1_209' title='bbox 923 2639 1016 2698; x_wconf 87' lang='lat' dir='ltr'>Arist.</span> <span class='ocrx_word' id='word_1_210' title='bbox 1042 2638 1160 2697; x_wconf 83' lang='lat' dir='ltr'>Thesm.</span> <span class='ocrx_word' id='word_1_211' title='bbox 1187 2641 1258 2714; x_wconf 87' lang='lat'>193,</span> <span class='ocrx_word' id='word_1_212' title='bbox 1282 2631 1394 2713; x_wconf 79' lang='grc' dir='ltr'><strong><em>ὠφελία</em></strong></span> <span class='ocrx_word' id='word_1_213' title='bbox 1417 2637 1488 2698; x_wconf 80' lang='lat' dir='ltr'>Eur.</span> 
     </span>
     <span class='ocr_line' id='line_1_24' title="bbox 317 2729 1491 2820; baseline -0.001 -23"><span class='ocrx_word' id='word_1_214' title='bbox 317 2737 458 2797; x_wconf 88' lang='lat' dir='ltr'>Androm.</span> <span class='ocrx_word' id='word_1_215' title='bbox 488 2737 560 2796; x_wconf 86' lang='lat'>539.</span> <span class='ocrx_word' id='word_1_216' title='bbox 590 2734 681 2794; x_wconf 88' lang='lat' dir='ltr'>Arist.</span> <span class='ocrx_word' id='word_1_217' title='bbox 709 2735 786 2796; x_wconf 81' lang='lat' dir='ltr'>Eccl.</span> <span class='ocrx_word' id='word_1_218' title='bbox 817 2729 910 2820; x_wconf 84' lang='lat'>576),</span> <span class='ocrx_word' id='word_1_219' title='bbox 939 2739 969 2796; x_wconf 89' lang='lat' dir='ltr'>et</span> <span class='ocrx_word' id='word_1_220' title='bbox 997 2729 1108 2811; x_wconf 84' lang='grc' dir='ltr'><strong><em>τόφελία</em></strong></span> <span class='ocrx_word' id='word_1_221' title='bbox 1138 2735 1206 2794; x_wconf 85' lang='grc' dir='ltr'>ΟΙΑ</span> <span class='ocrx_word' id='word_1_222' title='bbox 1232 2733 1247 2792; x_wconf 94' lang='lat' dir='ltr'>I</span> <span class='ocrx_word' id='word_1_223' title='bbox 1274 2738 1325 2812; x_wconf 85' lang='lat'>85,</span> <span class='ocrx_word' id='word_1_224' title='bbox 1350 2740 1382 2813; x_wconf 77' lang='lat'>33</span> <span class='ocrx_word' id='word_1_225' title='bbox 1411 2737 1491 2813; x_wconf 86' lang='lat' dir='ltr'>apud</span> 
     </span>
     <span class='ocr_line' id='line_1_25' title="bbox 318 2829 1489 2917; baseline 0 -23"><span class='ocrx_word' id='word_1_226' title='bbox 318 2835 522 2912; x_wconf 85' lang='lat' dir='ltr'>Thucydidem</span> <span class='ocrx_word' id='word_1_227' title='bbox 546 2837 580 2891; x_wconf 86' lang='lat' dir='ltr'>ut</span> <span class='ocrx_word' id='word_1_228' title='bbox 603 2833 682 2908; x_wconf 91' lang='lat' dir='ltr'>apud</span> <span class='ocrx_word' id='word_1_229' title='bbox 705 2833 862 2894; x_wconf 86' lang='lat' dir='ltr'>Platonem</span> <span class='ocrx_word' id='word_1_230' title='bbox 890 2829 941 2917; x_wconf 85' lang='lat' dir='ltr'>(cf.</span> <span class='ocrx_word' id='word_1_231' title='bbox 966 2834 1101 2894; x_wconf 84' lang='lat' dir='ltr'>Schannii</span> <span class='ocrx_word' id='word_1_232' title='bbox 1128 2833 1218 2892; x_wconf 93' lang='lat' dir='ltr'>Proll.</span> <span class='ocrx_word' id='word_1_233' title='bbox 1247 2834 1285 2892; x_wconf 84' lang='lat' dir='ltr'>ed</span> <span class='ocrx_word' id='word_1_234' title='bbox 1313 2833 1391 2895; x_wconf 89' lang='lat' dir='ltr'>Plat.</span> <span class='ocrx_word' id='word_1_235' title='bbox 1415 2835 1446 2893; x_wconf 89' lang='grc' dir='ltr'>ΙΙ</span> <span class='ocrx_word' id='word_1_236' title='bbox 1472 2839 1489 2894; x_wconf 95' lang='grc'><strong>2</strong></span> 
     </span>
     <span class='ocr_line' id='line_1_26' title="bbox 318 2924 1491 3010; baseline 0.001 -18"><span class='ocrx_word' id='word_1_237' title='bbox 318 2955 344 3009; x_wconf 89' lang='lat' dir='ltr'>p.</span> <span class='ocrx_word' id='word_1_238' title='bbox 370 2933 429 2992; x_wconf 87' lang='lat' dir='ltr'>VII</span> <span class='ocrx_word' id='word_1_239' title='bbox 439 2925 516 3010; x_wconf 91' lang='lat' dir='ltr'>sqq.)</span> <span class='ocrx_word' id='word_1_240' title='bbox 545 2924 656 3007; x_wconf 78' lang='grc' dir='ltr'><strong><em>ὠφελία</em></strong></span> <span class='ocrx_word' id='word_1_241' title='bbox 684 2931 796 2990; x_wconf 88' lang='lat' dir='ltr'>maiore</span> <span class='ocrx_word' id='word_1_242' title='bbox 825 2933 970 2992; x_wconf 89' lang='lat' dir='ltr'>librorum</span> <span class='ocrx_word' id='word_1_243' title='bbox 998 2932 1177 2992; x_wconf 74' lang='lat' dir='ltr'>auctoritate</span> <span class='ocrx_word' id='word_1_244' title='bbox 1199 2931 1320 2992; x_wconf 80' lang='lat' dir='ltr'>uidetur</span> <span class='ocrx_word' id='word_1_245' title='bbox 1343 2952 1491 2993; x_wconf 88' lang='lat' dir='ltr'>commcn-</span> 
     </span>
     <span class='ocr_line' id='line_1_27' title="bbox 318 3022 1491 3109; baseline 0 -19"><span class='ocrx_word' id='word_1_246' title='bbox 318 3032 382 3090; x_wconf 90' lang='lat' dir='ltr'>dari</span> <span class='ocrx_word' id='word_1_247' title='bbox 403 3032 538 3106; x_wconf 86' lang='lat' dir='ltr'>&#39;itemque</span> <span class='ocrx_word' id='word_1_248' title='bbox 561 3027 715 3105; x_wconf 79' lang='grc' dir='ltr'><strong><em>προμηθία</em></strong></span> <span class='ocrx_word' id='word_1_249' title='bbox 739 3022 789 3109; x_wconf 84' lang='lat' dir='ltr'>(cf.</span> <span class='ocrx_word' id='word_1_250' title='bbox 812 3029 922 3093; x_wconf 87' lang='lat' dir='ltr'>Herod.</span> <span class='ocrx_word' id='word_1_251' title='bbox 946 3029 1241 3109; x_wconf 72' lang='lat' dir='ltr'>11453,15),qua</span> <span class='ocrx_word' id='word_1_252' title='bbox 1264 3031 1360 3090; x_wconf 84' lang='lat' dir='ltr'>forma</span> <span class='ocrx_word' id='word_1_253' title='bbox 1383 3031 1491 3109; x_wconf 83' lang='lat' dir='ltr'>tragici</span> 
     </span>
    </p>
   </div>
   <div class='ocr_carea' id='block_1_3' title="bbox 319 3119 1533 3208">
    <p class='ocr_par' dir='ltr' id='par_1_3' title="bbox 319 3119 1533 3208">
     <span class='ocr_line' id='line_1_28' title="bbox 319 3119 1533 3208; baseline 0.002 -21"><span class='ocrx_word' id='word_1_254' title='bbox 319 3129 382 3188; x_wconf 91' lang='lat' dir='ltr'>sola</span> <span class='ocrx_word' id='word_1_255' title='bbox 410 3128 458 3186; x_wconf 87' lang='lat' dir='ltr'>usi</span> <span class='ocrx_word' id='word_1_256' title='bbox 485 3129 555 3185; x_wconf 88' lang='lat' dir='ltr'>sunt</span> <span class='ocrx_word' id='word_1_257' title='bbox 582 3119 632 3204; x_wconf 85' lang='lat' dir='ltr'>(cf.</span> <span class='ocrx_word' id='word_1_258' title='bbox 656 3125 743 3184; x_wconf 90' lang='lat' dir='ltr'>Dind.</span> <span class='ocrx_word' id='word_1_259' title='bbox 771 3126 826 3184; x_wconf 86' lang='lat' dir='ltr'>lex.</span> <span class='ocrx_word' id='word_1_260' title='bbox 856 3125 944 3203; x_wconf 88' lang='lat' dir='ltr'>Soph.</span> <span class='ocrx_word' id='word_1_261' title='bbox 972 3147 993 3188; x_wconf 88' lang='lat' dir='ltr'>s.</span> <span class='ocrx_word' id='word_1_262' title='bbox 1018 3121 1070 3208; x_wconf 81' lang='lat' dir='ltr'>u).</span> <span class='ocrx_word' id='word_1_263' title='bbox 1116 3128 1158 3188; x_wconf 92' lang='lat' dir='ltr'>Ut</span> <span class='ocrx_word' id='word_1_264' title='bbox 1186 3125 1346 3206; x_wconf 84' lang='grc' dir='ltr'><strong><em>προεδρίαν</em></strong></span> <span class='ocrx_word' id='word_1_265' title='bbox 1370 3127 1437 3188; x_wconf 84' lang='lat' dir='ltr'>OIA</span> <span class='ocrx_word' id='word_1_266' title='bbox 1460 3129 1490 3187; x_wconf 92' lang='grc' dir='ltr'>ΙΙ</span> <span class='ocrx_word' id='word_1_267' title='bbox 1531 3185 1533 3190; x_wconf 81' lang='grc'><strong>,</strong></span> 
     </span>
    </p>
   </div>
   <div class='ocr_carea' id='block_1_4' title="bbox 318 3222 1493 4186">
    <p class='ocr_par' dir='ltr' id='par_1_4' title="bbox 318 3222 1493 4186">
     <span class='ocr_line' id='line_1_29' title="bbox 319 3222 1490 3305; baseline 0.001 -19"><span class='ocrx_word' id='word_1_268' title='bbox 319 3228 392 3298; x_wconf 87' lang='grc'><strong>316,</strong></span> <span class='ocrx_word' id='word_1_269' title='bbox 422 3227 472 3282; x_wconf 85' lang='grc'>24.</span> <span class='ocrx_word' id='word_1_270' title='bbox 501 3222 550 3280; x_wconf 85' lang='lat' dir='ltr'>DS</span> <span class='ocrx_word' id='word_1_271' title='bbox 579 3224 651 3282; x_wconf 85' lang='grc'><strong>345.</strong></span> <span class='ocrx_word' id='word_1_272' title='bbox 680 3222 773 3282; x_wconf 89' lang='lat' dir='ltr'>Arist.</span> <span class='ocrx_word' id='word_1_273' title='bbox 801 3223 876 3300; x_wconf 79' lang='lat' dir='ltr'>Equ.</span> <span class='ocrx_word' id='word_1_274' title='bbox 906 3227 979 3285; x_wconf 92' lang='grc'><strong>575.</strong></span> <span class='ocrx_word' id='word_1_275' title='bbox 1010 3227 1071 3285; x_wconf 92' lang='grc'>702</span> <span class='ocrx_word' id='word_1_276' title='bbox 1100 3226 1241 3303; x_wconf 85' lang='lat' dir='ltr'>legimus,</span> <span class='ocrx_word' id='word_1_277' title='bbox 1270 3225 1312 3285; x_wconf 89' lang='lat' dir='ltr'>sic</span> <span class='ocrx_word' id='word_1_278' title='bbox 1334 3226 1350 3284; x_wconf 94' lang='grc' dir='ltr'>Ι</span> <span class='ocrx_word' id='word_1_279' title='bbox 1375 3230 1447 3305; x_wconf 91' lang='grc'><strong>126,</strong></span> <span class='ocrx_word' id='word_1_280' title='bbox 1472 3229 1490 3286; x_wconf 91' lang='grc'><strong>8</strong></span> 
     </span>
     <span class='ocr_line' id='line_1_30' title="bbox 318 3314 1491 3405; baseline 0.002 -23"><span class='ocrx_word' id='word_1_281' title='bbox 318 3319 477 3399; x_wconf 78' lang='grc' dir='ltr'><strong><em>προσεδρίᾳ</em></strong></span> <span class='ocrx_word' id='word_1_282' title='bbox 505 3314 603 3398; x_wconf 82' lang='lat' dir='ltr'>(codd.</span> <span class='ocrx_word' id='word_1_283' title='bbox 633 3320 720 3397; x_wconf 90' lang='lat' dir='ltr'>longe</span> <span class='ocrx_word' id='word_1_284' title='bbox 749 3320 870 3395; x_wconf 87' lang='lat' dir='ltr'>plurimi</span> <span class='ocrx_word' id='word_1_285' title='bbox 899 3325 931 3384; x_wconf 91' lang='lat' dir='ltr'>et</span> <span class='ocrx_word' id='word_1_286' title='bbox 957 3324 1062 3399; x_wconf 91' lang='lat' dir='ltr'>optimi</span> <span class='ocrx_word' id='word_1_287' title='bbox 1089 3317 1275 3405; x_wconf 80' lang='grc' dir='ltr'><strong><em>προσεδρείᾳ)</em></strong></span> <span class='ocrx_word' id='word_1_288' title='bbox 1303 3325 1491 3386; x_wconf 88' lang='lat' dir='ltr'>scribendum</span> 
     </span>
     <span class='ocr_line' id='line_1_31' title="bbox 320 3414 1492 3497; baseline 0.003 -20"><span class='ocrx_word' id='word_1_289' title='bbox 320 3423 374 3477; x_wconf 83' lang='lat' dir='ltr'>est.</span> <span class='ocrx_word' id='word_1_290' title='bbox 417 3417 530 3491; x_wconf 87' lang='lat' dir='ltr'>Aperte</span> <span class='ocrx_word' id='word_1_291' title='bbox 553 3416 664 3476; x_wconf 86' lang='lat' dir='ltr'>falsum</span> <span class='ocrx_word' id='word_1_292' title='bbox 688 3418 735 3476; x_wconf 89' lang='lat' dir='ltr'>est</span> <span class='ocrx_word' id='word_1_293' title='bbox 758 3414 897 3497; x_wconf 80' lang='grc' dir='ltr'><strong><em>ἑταιρείας</em></strong></span> <span class='ocrx_word' id='word_1_294' title='bbox 920 3420 967 3478; x_wconf 92' lang='grc' dir='ltr'>ΠΙ</span> <span class='ocrx_word' id='word_1_295' title='bbox 992 3422 1043 3497; x_wconf 92' lang='grc'>62,</span> <span class='ocrx_word' id='word_1_296' title='bbox 1068 3423 1086 3481; x_wconf 99' lang='grc'><strong>5</strong></span> <span class='ocrx_word' id='word_1_297' title='bbox 1110 3421 1141 3478; x_wconf 89' lang='lat' dir='ltr'>in</span> <span class='ocrx_word' id='word_1_298' title='bbox 1164 3420 1267 3496; x_wconf 82' lang='lat' dir='ltr'>paucis</span> <span class='ocrx_word' id='word_1_299' title='bbox 1291 3421 1377 3480; x_wconf 88' lang='lat' dir='ltr'>libris</span> <span class='ocrx_word' id='word_1_300' title='bbox 1400 3422 1492 3482; x_wconf 87' lang='lat' dir='ltr'>tradi·</span> 
     </span>
     <span class='ocr_line' id='line_1_32' title="bbox 319 3505 1493 3596; baseline 0.003 -22"><span class='ocrx_word' id='word_1_301' title='bbox 319 3519 383 3574; x_wconf 91' lang='lat' dir='ltr'>tum</span> <span class='ocrx_word' id='word_1_302' title='bbox 413 3505 463 3596; x_wconf 84' lang='lat' dir='ltr'>(cf.</span> <span class='ocrx_word' id='word_1_303' title='bbox 486 3512 597 3572; x_wconf 87' lang='lat' dir='ltr'>Herod.</span> <span class='ocrx_word' id='word_1_304' title='bbox 621 3513 652 3572; x_wconf 93' lang='lat' dir='ltr'>II</span> <span class='ocrx_word' id='word_1_305' title='bbox 677 3517 749 3592; x_wconf 89' lang='grc'><strong>512,</strong></span> <span class='ocrx_word' id='word_1_306' title='bbox 776 3510 844 3596; x_wconf 93' lang='grc'><strong>22),</strong></span> <span class='ocrx_word' id='word_1_307' title='bbox 872 3538 926 3578; x_wconf 91' lang='lat' dir='ltr'>nec</span> <span class='ocrx_word' id='word_1_308' title='bbox 954 3520 1100 3595; x_wconf 91' lang='lat' dir='ltr'>probatur</span> <span class='ocrx_word' id='word_1_309' title='bbox 1128 3519 1285 3580; x_wconf 86' lang='lat' dir='ltr'>discrimen</span> <span class='ocrx_word' id='word_1_310' title='bbox 1313 3519 1393 3595; x_wconf 90' lang='lat' dir='ltr'>quod</span> <span class='ocrx_word' id='word_1_311' title='bbox 1415 3521 1493 3580; x_wconf 89' lang='lat' dir='ltr'>inter</span> 
     </span>
     <span class='ocr_line' id='line_1_33' title="bbox 320 3610 1490 3693; baseline 0.003 -21"><span class='ocrx_word' id='word_1_312' title='bbox 320 3610 459 3690; x_wconf 76' lang='lat' dir='ltr'>irascier,</span> <span class='ocrx_word' id='word_1_313' title='bbox 478 3611 654 3688; x_wconf 74' lang='lat' dir='ltr'>amicitiam,</span> <span class='ocrx_word' id='word_1_314' title='bbox 673 3617 705 3672; x_wconf 86' lang='lat' dir='ltr'>et</span> <span class='ocrx_word' id='word_1_315' title='bbox 724 3610 876 3691; x_wconf 79' lang='grc' dir='ltr'><strong><em>ἑταιρείαν,</em></strong></span> <span class='ocrx_word' id='word_1_316' title='bbox 900 3617 1080 3693; x_wconf 87' lang='lat' dir='ltr'>sodalitium,</span> <span class='ocrx_word' id='word_1_317' title='bbox 1103 3617 1176 3678; x_wconf 89' lang='lat' dir='ltr'>Lob.</span> <span class='ocrx_word' id='word_1_318' title='bbox 1196 3616 1234 3676; x_wconf 89' lang='lat' dir='ltr'>ad</span> <span class='ocrx_word' id='word_1_319' title='bbox 1253 3615 1340 3693; x_wconf 88' lang='lat' dir='ltr'>Soph.</span> <span class='ocrx_word' id='word_1_320' title='bbox 1361 3615 1408 3678; x_wconf 90' lang='lat' dir='ltr'>Ai.</span> <span class='ocrx_word' id='word_1_321' title='bbox 1429 3619 1490 3678; x_wconf 90' lang='grc'>682</span> 
     </span>
     <span class='ocr_line' id='line_1_34' title="bbox 321 3708 1492 3792; baseline 0.003 -21"><span class='ocrx_word' id='word_1_322' title='bbox 321 3715 351 3771; x_wconf 87' lang='lat' dir='ltr'>et</span> <span class='ocrx_word' id='word_1_323' title='bbox 378 3711 465 3770; x_wconf 88' lang='lat' dir='ltr'>Dind.</span> <span class='ocrx_word' id='word_1_324' title='bbox 495 3711 525 3768; x_wconf 94' lang='lat' dir='ltr'>in</span> <span class='ocrx_word' id='word_1_325' title='bbox 554 3708 655 3785; x_wconf 79' lang='lat' dir='ltr'>steph.</span> <span class='ocrx_word' id='word_1_326' title='bbox 686 3710 775 3770; x_wconf 85' lang='lat' dir='ltr'>Thes.</span> <span class='ocrx_word' id='word_1_327' title='bbox 804 3715 949 3775; x_wconf 88' lang='lat' dir='ltr'>statuunt.</span> <span class='ocrx_word' id='word_1_328' title='bbox 1000 3715 1105 3790; x_wconf 87' lang='lat' dir='ltr'>Neque</span> <span class='ocrx_word' id='word_1_329' title='bbox 1137 3717 1234 3792; x_wconf 84' lang='lat' dir='ltr'>magis</span> <span class='ocrx_word' id='word_1_330' title='bbox 1262 3715 1410 3775; x_wconf 89' lang='lat' dir='ltr'>credimus</span> <span class='ocrx_word' id='word_1_331' title='bbox 1438 3715 1492 3774; x_wconf 84' lang='lat' dir='ltr'>Th.</span> 
     </span>
     <span class='ocr_line' id='line_1_35' title="bbox 321 3801 1493 3888; baseline 0.003 -21"><span class='ocrx_word' id='word_1_332' title='bbox 321 3829 447 3885; x_wconf 88' lang='lat' dir='ltr'>usquam</span> <span class='ocrx_word' id='word_1_333' title='bbox 479 3801 596 3885; x_wconf 86' lang='grc' dir='ltr'><strong><em>στρατιό</em></strong></span> <span class='ocrx_word' id='word_1_334' title='bbox 627 3827 681 3883; x_wconf 89' lang='lat' dir='ltr'>pro</span> <span class='ocrx_word' id='word_1_335' title='bbox 713 3809 844 3887; x_wconf 84' lang='grc' dir='ltr'><strong><em>στρατεία</em></strong></span> <span class='ocrx_word' id='word_1_336' title='bbox 876 3811 999 3885; x_wconf 87' lang='lat' dir='ltr'>dixisse,</span> <span class='ocrx_word' id='word_1_337' title='bbox 1034 3831 1205 3888; x_wconf 87' lang='lat' dir='ltr'>quenquam</span> <span class='ocrx_word' id='word_1_338' title='bbox 1238 3832 1304 3873; x_wconf 91' lang='lat' dir='ltr'>cum</span> <span class='ocrx_word' id='word_1_339' title='bbox 1337 3832 1371 3872; x_wconf 91' lang='lat' dir='ltr'>eo</span> <span class='ocrx_word' id='word_1_340' title='bbox 1404 3832 1493 3873; x_wconf 91' lang='lat' dir='ltr'>sensu</span> 
     </span>
     <span class='ocr_line' id='line_1_36' title="bbox 321 3902 1492 3989; baseline 0.002 -23"><span class='ocrx_word' id='word_1_341' title='bbox 321 3909 433 3967; x_wconf 89' lang='lat' dir='ltr'>dictum</span> <span class='ocrx_word' id='word_1_342' title='bbox 458 3909 504 3966; x_wconf 81' lang='lat' dir='ltr'>est</span> <span class='ocrx_word' id='word_1_343' title='bbox 527 3906 566 3964; x_wconf 88' lang='lat' dir='ltr'>eb</span> <span class='ocrx_word' id='word_1_344' title='bbox 590 3904 792 3982; x_wconf 84' lang='lat' dir='ltr'>Aristophane</span> <span class='ocrx_word' id='word_1_345' title='bbox 820 3902 870 3986; x_wconf 85' lang='lat' dir='ltr'>(cf.</span> <span class='ocrx_word' id='word_1_346' title='bbox 894 3909 985 3970; x_wconf 88' lang='lat' dir='ltr'>Kock.</span> <span class='ocrx_word' id='word_1_347' title='bbox 1012 3911 1048 3970; x_wconf 86' lang='lat' dir='ltr'>ad</span> <span class='ocrx_word' id='word_1_348' title='bbox 1073 3911 1147 3985; x_wconf 82' lang='lat' dir='ltr'>Equ.</span> <span class='ocrx_word' id='word_1_349' title='bbox 1173 3905 1250 3989; x_wconf 90' lang='grc'><strong>587)</strong></span> <span class='ocrx_word' id='word_1_350' title='bbox 1275 3915 1305 3970; x_wconf 88' lang='lat' dir='ltr'>ct</span> <span class='ocrx_word' id='word_1_351' title='bbox 1328 3911 1440 3987; x_wconf 82' lang='lat' dir='ltr'>legitur</span> <span class='ocrx_word' id='word_1_352' title='bbox 1462 3911 1492 3969; x_wconf 92' lang='lat' dir='ltr'>in</span> 
     </span>
     <span class='ocr_line' id='line_1_37' title="bbox 322 4004 1493 4085; baseline 0.003 -21"><span class='ocrx_word' id='word_1_353' title='bbox 322 4005 389 4065; x_wconf 87' lang='lat' dir='ltr'>CIA</span> <span class='ocrx_word' id='word_1_354' title='bbox 413 4004 443 4063; x_wconf 93' lang='lat' dir='ltr'>II</span> <span class='ocrx_word' id='word_1_355' title='bbox 468 4006 540 4063; x_wconf 96' lang='grc'><strong>176.</strong></span> <span class='ocrx_word' id='word_1_356' title='bbox 579 4004 658 4063; x_wconf 86' lang='lat' dir='ltr'>Nam</span> <span class='ocrx_word' id='word_1_357' title='bbox 681 4023 748 4063; x_wconf 91' lang='lat' dir='ltr'>cum</span> <span class='ocrx_word' id='word_1_358' title='bbox 771 4024 824 4079; x_wconf 91' lang='lat' dir='ltr'>pro</span> <span class='ocrx_word' id='word_1_359' title='bbox 849 4008 1036 4083; x_wconf 81' lang='lat' dir='ltr'>expeditione</span> <span class='ocrx_word' id='word_1_360' title='bbox 1060 4010 1098 4068; x_wconf 93' lang='lat' dir='ltr'>ab</span> <span class='ocrx_word' id='word_1_361' title='bbox 1121 4007 1323 4084; x_wconf 87' lang='lat' dir='ltr'>Aristophane</span> <span class='ocrx_word' id='word_1_362' title='bbox 1345 4027 1493 4085; x_wconf 86' lang='lat' dir='ltr'>nusquam</span> 
     </span>
     <span class='ocr_line' id='line_1_38' title="bbox 322 4098 1492 4186; baseline 0.002 -24"><span class='ocrx_word' id='word_1_363' title='bbox 322 4102 452 4180; x_wconf 90' lang='grc' dir='ltr'><strong><em>στρατεία</em></strong></span> <span class='ocrx_word' id='word_1_364' title='bbox 475 4103 605 4179; x_wconf 84' lang='lat' dir='ltr'>dicatur,</span> <span class='ocrx_word' id='word_1_365' title='bbox 632 4121 650 4162; x_wconf 87' lang='lat' dir='ltr'>a</span> <span class='ocrx_word' id='word_1_366' title='bbox 673 4102 795 4178; x_wconf 88' lang='lat' dir='ltr'>tragicis</span> <span class='ocrx_word' id='word_1_367' title='bbox 819 4123 967 4181; x_wconf 89' lang='lat' dir='ltr'>nusquam</span> <span class='ocrx_word' id='word_1_368' title='bbox 990 4099 1107 4185; x_wconf 89' lang='grc' dir='ltr'><strong><em>στρατιό</em></strong></span> <span class='ocrx_word' id='word_1_369' title='bbox 1130 4098 1183 4186; x_wconf 85' lang='lat' dir='ltr'>(cf.</span> <span class='ocrx_word' id='word_1_370' title='bbox 1207 4105 1315 4166; x_wconf 91' lang='lat' dir='ltr'>Aesch.</span> <span class='ocrx_word' id='word_1_371' title='bbox 1338 4105 1395 4181; x_wconf 86' lang='lat' dir='ltr'>Ag.</span> <span class='ocrx_word' id='word_1_372' title='bbox 1421 4109 1492 4166; x_wconf 87' lang='lat'>603.</span> 
     </span>
    </p>
   </div>
   <div class='ocr_carea' id='block_1_5' title="bbox 321 4199 1502 4275">
    <p class='ocr_par' dir='ltr' id='par_1_5' title="bbox 321 4199 1502 4275">
     <span class='ocr_line' id='line_1_39' title="bbox 321 4199 1502 4275; baseline 0.003 -17"><span class='ocrx_word' id='word_1_373' title='bbox 321 4201 407 4260; x_wconf 83' lang='lat' dir='ltr'>Eum.</span> <span class='ocrx_word' id='word_1_374' title='bbox 433 4203 506 4260; x_wconf 88' lang='lat'>631.</span> <span class='ocrx_word' id='word_1_375' title='bbox 534 4200 605 4258; x_wconf 82' lang='lat' dir='ltr'>Eur.</span> <span class='ocrx_word' id='word_1_376' title='bbox 630 4199 730 4275; x_wconf 83' lang='lat' dir='ltr'>Suppl.</span> <span class='ocrx_word' id='word_1_377' title='bbox 757 4203 807 4260; x_wconf 88' lang='grc'>23.</span> <span class='ocrx_word' id='word_1_378' title='bbox 833 4205 904 4264; x_wconf 89' lang='lat'>116.</span> <span class='ocrx_word' id='word_1_379' title='bbox 926 4206 987 4263; x_wconf 87' lang='grc'>229</span> <span class='ocrx_word' id='word_1_380' title='bbox 1014 4206 1044 4262; x_wconf 87' lang='lat' dir='ltr'>et</span> <span class='ocrx_word' id='word_1_381' title='bbox 1067 4203 1174 4264; x_wconf 81' lang='lat' dir='ltr'>Aesch.</span> <span class='ocrx_word' id='word_1_382' title='bbox 1197 4205 1278 4264; x_wconf 81' lang='lat' dir='ltr'>Pers</span> <span class='ocrx_word' id='word_1_383' title='bbox 1299 4207 1328 4263; x_wconf 90' lang='grc'>9.</span> <span class='ocrx_word' id='word_1_384' title='bbox 1348 4205 1399 4264; x_wconf 84' lang='grc'>25.</span> <span class='ocrx_word' id='word_1_385' title='bbox 1420 4207 1502 4264; x_wconf 88' lang='grc'><strong>534.’</strong></span> 
     </span>
    </p>
   </div>
   <div class='ocr_carea' id='block_1_6' title="bbox 323 4298 1494 4580">
    <p class='ocr_par' dir='ltr' id='par_1_6' title="bbox 323 4298 1494 4580">
     <span class='ocr_line' id='line_1_40' title="bbox 323 4298 1492 4375; baseline 0.003 -17"><span class='ocrx_word' id='word_1_386' title='bbox 323 4301 395 4358; x_wconf 89' lang='grc'><strong>857.</strong></span> <span class='ocrx_word' id='word_1_387' title='bbox 420 4299 494 4358; x_wconf 91' lang='grc'><strong>918.</strong></span> <span class='ocrx_word' id='word_1_388' title='bbox 522 4299 579 4375; x_wconf 90' lang='lat' dir='ltr'>Ag.</span> <span class='ocrx_word' id='word_1_389' title='bbox 605 4301 676 4358; x_wconf 93' lang='grc'><strong>799.</strong></span> <span class='ocrx_word' id='word_1_390' title='bbox 707 4299 778 4358; x_wconf 76' lang='lat' dir='ltr'>Eur.</span> <span class='ocrx_word' id='word_1_391' title='bbox 802 4298 872 4359; x_wconf 91' lang='lat' dir='ltr'>Hec.</span> <span class='ocrx_word' id='word_1_392' title='bbox 899 4302 970 4361; x_wconf 87' lang='lat'>133.</span> <span class='ocrx_word' id='word_1_393' title='bbox 999 4300 1064 4375; x_wconf 94' lang='lat' dir='ltr'>Iph.</span> <span class='ocrx_word' id='word_1_394' title='bbox 1088 4300 1123 4358; x_wconf 91' lang='lat' dir='ltr'>A.</span> <span class='ocrx_word' id='word_1_395' title='bbox 1150 4303 1220 4358; x_wconf 91' lang='grc'><strong>171.</strong></span> <span class='ocrx_word' id='word_1_396' title='bbox 1248 4303 1317 4360; x_wconf 92' lang='grc'><strong>753.</strong></span> <span class='ocrx_word' id='word_1_397' title='bbox 1351 4301 1440 4362; x_wconf 90' lang='lat' dir='ltr'>Rhes.</span> <span class='ocrx_word' id='word_1_398' title='bbox 1465 4304 1492 4362; x_wconf 87' lang='lat'>6.</span> 
     </span>
     <span class='ocr_line' id='line_1_41' title="bbox 325 4386 1492 4478; baseline 0.003 -26"><span class='ocrx_word' id='word_1_399' title='bbox 325 4395 374 4453; x_wconf 85' lang='lat'>15.</span> <span class='ocrx_word' id='word_1_400' title='bbox 404 4397 454 4454; x_wconf 94' lang='grc'><strong>19.</strong></span> <span class='ocrx_word' id='word_1_401' title='bbox 484 4397 534 4456; x_wconf 89' lang='grc'>38.</span> <span class='ocrx_word' id='word_1_402' title='bbox 564 4386 656 4476; x_wconf 86' lang='grc'><strong>233),</strong></span> <span class='ocrx_word' id='word_1_403' title='bbox 685 4394 737 4454; x_wconf 88' lang='lat' dir='ltr'>sed</span> <span class='ocrx_word' id='word_1_404' title='bbox 765 4395 881 4456; x_wconf 90' lang='lat' dir='ltr'>duobus</span> <span class='ocrx_word' id='word_1_405' title='bbox 909 4398 980 4457; x_wconf 90' lang='lat' dir='ltr'>locis</span> <span class='ocrx_word' id='word_1_406' title='bbox 1009 4415 1062 4472; x_wconf 90' lang='lat' dir='ltr'>pro</span> <span class='ocrx_word' id='word_1_407' title='bbox 1090 4397 1222 4456; x_wconf 89' lang='lat' dir='ltr'>exercitu</span> <span class='ocrx_word' id='word_1_408' title='bbox 1249 4397 1379 4473; x_wconf 87' lang='grc' dir='ltr'><strong><em>στρατεία</em></strong></span> <span class='ocrx_word' id='word_1_409' title='bbox 1407 4389 1492 4478; x_wconf 79' lang='lat' dir='ltr'>(Eur.</span> 
     </span>
     <span class='ocr_line' id='line_1_42' title="bbox 324 4485 1494 4580; baseline 0.006 -31"><span class='ocrx_word' id='word_1_410' title='bbox 324 4491 390 4567; x_wconf 81' lang='lat' dir='ltr'>iph.</span> <span class='ocrx_word' id='word_1_411' title='bbox 410 4490 447 4549; x_wconf 93' lang='lat' dir='ltr'>A.</span> <span class='ocrx_word' id='word_1_412' title='bbox 469 4494 544 4552; x_wconf 86' lang='grc'><strong>495.</strong></span> <span class='ocrx_word' id='word_1_413' title='bbox 567 4493 657 4554; x_wconf 88' lang='lat' dir='ltr'>Rhes.</span> <span class='ocrx_word' id='word_1_414' title='bbox 677 4485 765 4574; x_wconf 89' lang='lat'>263),</span> <span class='ocrx_word' id='word_1_415' title='bbox 788 4493 873 4552; x_wconf 91' lang='lat' dir='ltr'>illum</span> <span class='ocrx_word' id='word_1_416' title='bbox 896 4515 985 4554; x_wconf 89' lang='lat' dir='ltr'>usum</span> <span class='ocrx_word' id='word_1_417' title='bbox 1009 4493 1138 4580; x_wconf 84' lang='lat' dir='ltr'>sermoni</span> <span class='ocrx_word' id='word_1_418' title='bbox 1160 4494 1277 4570; x_wconf 87' lang='lat' dir='ltr'>vulgari</span> <span class='ocrx_word' id='word_1_419' title='bbox 1301 4495 1494 4556; x_wconf 88' lang='lat' dir='ltr'>tribuendum</span> 
     </span>
    </p>
   </div>
   <div class='ocr_carea' id='block_1_7' title="bbox 0 0 1683 5138">
    <p class='ocr_par' dir='ltr' id='par_1_7' title="bbox 0 0 1683 5138">
     <span class='ocr_line' id='line_1_43' title="bbox 0 0 1683 5138; baseline 0 0"><span class='ocrx_word' id='word_1_420' title='bbox 0 0 1683 5138; x_wconf 95' lang='lat' dir='ltr'> </span> 
     </span>
    </p>
   </div>
  </div>
 </body>
</html>
