3322 5138
670 429 889 491 ,17-

277 591 364 662 Quod
388 597 423 652 nt
446 593 483 651 ab
502 592 582 651 omni
600 595 686 666 parte
705 591 905 665 confirmetur,
928 596 1024 651 restat
1045 597 1079 651 ut
1098 594 1134 652 de
1154 613 1188 652 eo
1207 595 1364 670 participio

187 691 356 766 praesentis
380 691 496 751 dicatur
519 691 597 766 qnod
621 711 675 766 pro
694 689 790 749 futuri
808 690 964 764 participio
985 709 1050 749 esse
1070 710 1088 748 a
1105 693 1256 750 nonnullis
1276 695 1363 767 puta·

188 791 246 846 tur.
288 787 361 845 Eius
386 790 521 863 exempla
543 789 624 864 apud
643 788 848 864 Thucydidem
871 790 943 846 haee
967 789 1074 847 habes:
1098 790 1112 846 Ι
1139 794 1210 866 116,
1236 795 1251 849 1
1279 791 1312 850 αι’
1333 784 1362 849 δ’

189 883 237 944 ἐπὶ
264 885 343 944 Χίου
370 883 419 944 καὶ
448 883 569 964 Λέσβου
598 879 716 968 (ἔτυχον
743 879 905 964 οἰχόμενοι)
937 882 1195 965 περιαγγέλλουσαι
1227 890 1366 966 βοηθεῖν,

191 985 268 1058 128,
294 986 312 1041 6
337 981 449 1060 έπεμψε
474 979 505 1042 δὲ
531 981 580 1042 καὶ
608 977 762 1061 ἐπιστολὴν
789 977 840 1044 τὸν
863 977 1014 1064 Γογγύλον
1043 982 1170 1062 φέροντα
1198 981 1291 1069 αὐτῷ,
1320 987 1366 1044 ΠΙ

192 1083 242 1153 52,
264 1084 282 1139 2
306 1078 489 1157 προσπέμπει
513 1077 545 1138 δὲ
568 1074 668 1151 αὐτοῖς
691 1075 806 1157 κη’ρυκα
824 1078 954 1160 λέγοντα,
977 1082 1021 1140 IV
1041 1085 1092 1158 85,
1114 1086 1129 1141 1
1150 1077 1170 1161 ἡ
1190 1081 1243 1162 μέν
1262 1082 1366 1161 ἔκπεμ-

190 1178 243 1254 ψίς
266 1200 325 1256 μον
420 1175 571 1258 γεγένηται
594 1171 648 1255 τὴν
671 1176 768 1237 αἰτίαν
791 1173 1019 1255 έπαληθεύουσα
1042 1172 1081 1258 ἣν
1103 1227 1157 1242 ,..
1178 1181 1366 1260 προείπομεν,

188 1269 361 1354 Ἀθηναίοις
379 1273 604 1353 ἐλευθεροῦντες
622 1269 675 1352 τὴν
690 1269 819 1343 Ἑλλάδα
837 1269 1022 1353 πολεμήσειν,
1043 1278 1151 1351 17188,
1173 1280 1215 1337 10
1233 1276 1368 1356 πρέσβεις

189 1370 315 1451 πέμπειν
342 1371 373 1445 ἐς
400 1367 598 1455 Συρακούσας
625 1367 805 1450 κωλύοντας,
837 1374 896 1432 VH
925 1378 954 1450 3,
985 1380 1001 1433 1
1036 1369 1153 1454 κήρυκα
1185 1373 1368 1453 προσπέμπει

191 1465 290 1544 αὐτοῖς
313 1468 443 1551 λέγοντα,
467 1475 519 1550 25,
544 1477 561 1532 9
587 1470 725 1550 ἔπεμψαν
749 1519 756 1530 .
776 1527 782 1538 ,
804 1519 811 1532 .
834 1470 970 1551 πρέσβεις
994 1519 1000 1532 .
1021 1520 1027 1533 .
1048 1517 1054 1532 .
1077 1467 1277 1552 ἀγγέλλοντας.
1324 1473 1367 1532 Of.

191 1573 300 1632 Herod.
329 1571 345 1630 I
375 1575 414 1631 69
445 1568 553 1648 έπεμπε
582 1568 611 1642 ές
639 1563 782 1648 Σπάρτην
809 1563 954 1649 ἀγγέλους
982 1565 1064 1648 δῶρά
1090 1593 1119 1630 τε
1147 1568 1291 1649 φέροντας
1319 1569 1367 1629 καὶ

192 1667 390 1748 δεησομένους
413 1668 586 1747 συμμαχίης,
610 1667 699 1742 Soph.
724 1668 771 1726 Αἰ.
797 1670 857 1728 781
881 1666 987 1748 πέμπει
1010 1689 1045 1746 με
1064 1666 1110 1728 σοὶ
1134 1666 1262 1747 φέροντα
1284 1663 1366 1727 τάσδ’

193 1760 359 1841 ἐπιστολάς,
389 1768 451 1825 827
482 1764 603 1842 πέμψον
627 1757 683 1822 τιν’
709 1756 780 1840 ἡμῖν
803 1760 926 1846 ἀμμελον
948 1760 1044 1842 κακὴν
1068 1761 1158 1842 φάτιν
1184 1799 1221 1810 -
1250 1760 1368 1848 Τεύκρῳ

193 1860 336 1940 φέροντα,
363 1865 434 1922 Eur.
459 1864 562 1940 Suppl.
587 1865 651 1922 120
678 1855 812 1933 τούτους·
828 1857 979 1936 θανόντας
1007 1853 1103 1942 ἦλθον
1128 1862 1249 1936 ἐξαιτῶν
1272 1858 1368 1934 πόλιν,

192 1961 238 2020 ΕΙ.
268 1963 353 2020 1024
388 1961 433 2020 κεί
466 1958 519 2040 μέν
550 1955 663 2031 πόλεως
690 1953 799 2018 ἀλωσιν
827 1956 983 2039 ἐξιώμενος
1015 1994 1057 2004 -
1089 1955 1109 2040 ii
1143 1956 1218 2041 δῶμ’
1251 1953 1370 2038 ὀνήσων

192 2046 282 2116 τάλλά
308 2051 334 2115 τ’
361 2053 498 2119 ἕκσάσων
525 2056 611 2118 τέκνα
636 2089 676 2097 -
702 2054 813 2116 ἔκτεινα
841 2061 958 2117 πολλῶν
981 2059 1052 2136 μίαν
1074 2054 1163 2137 ὅπερ,
1193 2061 1304 2120 Phoen.
1328 2062 1367 2118 81

194 2147 251 2233 ἐγὼ
276 2148 304 2212 δ’
326 2152 389 2233 ἔριν
411 2148 515 2216 λύουο’
541 2147 735 2216 ὑπόσπονδον
759 2159 857 2232 μολεῖν
878 2187 918 2195 -
938 2154 1038 2215 ἔπεισα
1061 2155 1146 2216 παιδὶ
1168 2157 1272 2233 παῖδα,
1295 2157 1370 2216 Xen.

193 2253 272 2312 Hist.
297 2251 347 2314 Gr.
372 2254 432 2314 VH
459 2261 485 2331 1,
511 2258 552 2314 13
582 2246 622 2325 ὡς
650 2249 698 2311 ἐπὶ
726 2255 786 2323 τοῖς
809 2253 883 2325 ίσοις
906 2250 955 2312 καὶ
979 2245 1091 2331 ὁμοίοις
1113 2248 1198 2331 ἥκοις
1220 2247 1274 2331 τὴν
1297 2269 1371 2329 συμ-

194 2351 302 2428 μαχίαν
333 2345 527 2429 ποιούμενος,
558 2351 637 2410 Plat.
670 2349 752 2408 Prot.
788 2353 878 2410 3220
905 2343 1019 2428 Ἑρμῆν
1050 2348 1156 2427 πέμπει
1188 2346 1298 2429 άγοντα
1330 2349 1371 2420 εἰς

193 2442 376 2525 ἀνθρώπους
405 2449 480 2508 αἰδῶ
511 2470 540 2507 τε
572 2445 622 2507 καί
654 2439 756 2523 δίκην,
790 2448 940 2524 Euthyph.
971 2451 1016 2507 8ο
1043 2443 1140 2507 πάντα
1171 2451 1289 2508 ποιοῦσι
1322 2445 1372 2506 καὶ

193 2542 311 2624 λέγουσι
334 2540 494 2626 φεύγοντες
516 2539 571 2624 τὴν
594 2545 689 2622 δίκην.
699 2537 723 2625 ¹)
760 2544 907 2604 Praesens
926 2547 1025 2620 ipsum
1045 2551 1130 2606 extra
1149 2567 1265 2607 omnem
1285 2546 1371 2603 dubi-

194 2644 339 2702 tationem
369 2649 427 2720 est,
461 2648 493 2703 et
520 2646 634 2702 temere
662 2643 873 2718 grammaticos
902 2644 1034 2704 Batavos
1062 2646 1175 2704 talibus
1205 2645 1278 2702 locis
1309 2643 1371 2700 ubi·
1416 2639 1418 2644 ’

194 2761 310 2818 cunque
333 2741 421 2800 facile
444 2743 510 2800 fieri
532 2744 632 2817 potest
654 2740 791 2808 futurum
815 2742 979 2799 rescribere
1004 2745 1035 2800 et
1057 2746 1214 2817 poctarum
1238 2740 1373 2814 exempla

196 2840 304 2899 docent
326 2841 357 2898 in
380 2841 489 2916 quibus
513 2858 656 2917 praesens
679 2840 775 2897 metro
799 2837 971 2896 defenditur
993 2841 1023 2896 et
1046 2839 1159 2898 formae
1179 2839 1283 2915 quales
1303 2840 1373 2896 sunt

194 2933 323 3014 φέροντα
351 2930 524 3017 φεύγοντες,
558 2943 634 3012 quae
661 2955 698 2994 ex
726 2936 828 2993 futuro
856 2940 940 2994 ortae
969 2933 1033 2994 esec
1063 2939 1182 2996 omnino
1211 2937 1372 3009 nequeunt.

196 3034 321 3094 Accedit
348 3037 464 3112 antiqui
488 3036 572 3095 tituli
594 3033 690 3093 Attici
713 3034 882 3110 exemplum
905 3034 936 3090 in
959 3034 1147 3110 Dittenberg.
1187 3034 1261 3110 Syll.
1284 3033 1373 3090 insor.

197 3133 246 3192 Gr.
276 3155 304 3192 n.
334 3137 384 3213 13,
412 3137 453 3194 23
484 3127 658 3212 <κηρυκα>ς
687 3127 719 3189 δὲ
749 3126 871 3214 ἑλομένη
903 3122 923 3206 ἡ
956 3123 1050 3208 βουλὴ
1084 3125 1228 3210 πεμψάτω
1262 3127 1291 3200 ές
1322 3122 1374 3200 τὰς

195 3225 295 3302 πόλεις
318 3223 595 3311 ἀ<γ>μέλλον<τ>ας
618 3223 708 3308 <τάδε
730 3222 787 3306 τά>
816 3224 1005 3305 ἐψηφισμένοι
1033 3232 1072 3313 τῷ
1100 3221 1196 3309 δήμῳ.
1243 3227 1301 3287 Sed
1324 3227 1372 3286 his

197 3332 269 3389 locis
289 3330 426 3389 omnibus
445 3327 635 3405 participium
655 3328 823 3402 praesentis
843 3346 903 3385 non
921 3347 975 3403 pro
994 3327 1106 3402 futuro,
1130 3328 1184 3387 sed
1206 3327 1242 3386 de
1265 3330 1374 3385 conatu

196 3428 310 3486 dietum
329 3431 384 3501 est,
408 3428 486 3502 quod
505 3427 669 3485 clarissime
688 3423 765 3482 Plat.
784 3425 939 3501 Enthyph.
960 3428 1006 3484 8ο
1025 3426 1164 3501 ostendit,
1186 3424 1237 3483 ubi
1255 3428 1373 3484 verten-

197 3526 268 3583 dum
296 3526 355 3584 est:
386 3519 496 3583 ‘omnia
523 3525 637 3584 faciunt
666 3527 696 3580 et
724 3521 827 3580 dicunt
855 3541 981 3598 poenam
1011 3524 1180 3600 effugere
1204 3527 1374 3582 conantes

197 3622 261 3682 sive
286 3615 500 3682 studentes'.
545 3623 591 3681 De
619 3622 686 3682 aliis
712 3620 879 3698 participiis
903 3623 1070 3695 praesentis
1094 3621 1132 3679 de
1155 3624 1262 3680 conatu
1287 3620 1374 3678 dictis

197 3722 232 3780 cf.
262 3719 353 3779 Thuc.
380 3719 395 3776 Ι
425 3722 475 3795 35,
505 3722 533 3779 5.
570 3720 617 3778 III
648 3721 697 3795 18,
728 3724 744 3777 1
774 3718 876 3794 ibique
909 3719 976 3777 adn.
1006 3722 1038 3777 et
1065 3719 1140 3777 Plat.
1170 3717 1253 3776 Prot.
1282 3718 1375 3776 317a

198 3811 456 3895 ἀποδιδράσκοντα
479 3811 518 3895 μὴ
544 3811 697 3876 δύνασθαι
720 3810 898 3893 ἀποδρᾶναι.

198 3971 229 4023 ll.
244 3969 296 4023 XII
310 3975 370 4024 407.
385 3971 436 4024 XV
451 3976 511 4024 289.
527 3968 577 4023 Od.
592 3969 631 4022 111
646 3974 707 4022 319.
729 3967 818 4021 Immo
829 3967 938 4022 duobus
947 3967 1149 4037 posterioribus
1163 3966 1233 4020 locis
1247 3966 1283 4020 ad
1297 3983 1375 4035 prae·

199 4052 312 4105 teritam
330 4051 449 4105 refertur
468 4053 513 4118 (de
534 4050 585 4104 Od.
604 4049 643 4103 Ill
661 4055 712 4102 319
732 4049 768 4102 cf.
785 4066 868 4117 supra
882 4068 909 4119 p.
925 4055 950 4116 3,
966 4051 1005 4117 1),
1025 4049 1056 4102 Il.
1072 4046 1123 4100 XII
1138 4051 1188 4099 407
1210 4050 1304 4100 autem
1319 4045 1375 4100 edi-

200 4132 275 4182 tores
290 4129 362 4182 male
379 4125 493 4184 ἐέλπετο
508 4129 590 4184 alteri
601 4128 755 4198 scripturae
766 4123 878 4183 ἐέλδετο
890 4129 1090 4198 praetulerunt.
1109 4127 1193 4197 Apud
1203 4126 1283 4179 Pind.
1293 4125 1374 4195 Pyth.

200 4211 211 4261 l
215 4211 239 4262 V
247 4216 298 4263 243
309 4211 454 4278 postidem
461 4213 578 4264 verbum
588 4211 645 4264 iam
654 4209 831 4264 Hermannns
841 4207 1004 4279 πράξεσθαι
1012 4225 1062 4277 pro
1071 4203 1236 4277 πράξασθαι
1244 4206 1375 4261 restituit.

275 4291 300 4357 1)
324 4287 420 4343 Etiam
444 4290 519 4360 apud
542 4289 712 4359 posteriores
736 4290 885 4358 scriptores
907 4288 954 4343 hic
972 4307 1037 4342 usus
1056 4286 1204 4343 invenitur.
1244 4287 1376 4342 cf.P1ur.

202 4368 263 4423 Nic.
284 4375 326 4424 26.
350 4370 505 4424 Woelfflini
528 4371 591 4425 adn.
616 4371 676 4425 crit.
697 4371 733 4423 ad
751 4372 883 4439 Polyaen.
902 4389 930 4440 p.
948 4368 1073 4423 XXXIV.
1093 4369 1165 4436 Berg
1184 4399 1216 4407 -
1237 4367 1271 4421 de
1292 4367 1377 4436 parti-

202 4449 268 4518 cipii
287 4451 445 4518 temporum
464 4468 515 4503 usn
533 4450 680 4519 Appianeo
706 4450 826 4518 (dissert.
845 4451 932 4503 Bonn.
953 4466 977 4504 a.
999 4452 1078 4518 1884)
1097 4467 1124 4517 p.
1145 4453 1249 4516 45eqq.
1289 4448 1325 4501 Et
1342 4463 1377 4500 nc

203 4548 220 4583 a
238 4529 326 4584 latino
346 4530 458 4598 quidem
479 4547 605 4584 sermone
630 4530 738 4583 alienus
761 4532 811 4584 est.
850 4529 891 4582 cf.
910 4527 1064 4582 Weissenb.
1089 4529 1126 4581 ad
1148 4527 1206 4582 Liv.
1226 4527 1289 4580 XXI
1308 4534 1333 4596 6,
1352 4535 1377 4580 2.

257 4629 349 4683 Suana,
365 4629 458 4678 Quaest.
475 4640 546 4678 gram.
585 4663 590 4672 .
1148 4624 1164 4672 2
