3322 5138
796 401 1013 464 „58-

321 563 430 624 dicitur
462 562 551 622 πλείοι
583 567 714 642 φρονεῖν.
770 563 906 640 Apparet
937 567 1038 624 autem
1073 583 1162 640 qnam
1196 567 1266 641 apte
1300 567 1397 625 altero
1433 569 1504 627 loco

321 661 419 739 μεῖζον
445 663 569 739 φρονεῖν
597 661 709 720 dictum
737 662 791 737 sit,
822 662 918 721 altero
947 658 1037 722 πλέον
1066 667 1190 740 φρονεῖν
1218 683 1254 723 ex
1281 664 1419 724 versibus
1448 667 1506 740 qui

321 761 563 835 praecesserunt:
594 758 713 818 Herasl.
743 761 806 819 978
839 753 913 837 πρὸς
942 762 1033 819 scinu
1063 753 1118 838 τὴν
1148 765 1325 840 θρασεῖαν
1355 755 1434 833 ὅστις
1464 756 1506 822 ἂν

320 853 395 938 θέλῃ
421 887 459 898 -
484 854 533 916 καί
556 850 611 934 τὴν
634 859 808 933 φρονοῦσαν
831 855 930 933 μεῖζον
952 848 972 933 ἢ
997 861 1124 936 γυναῖκα
1147 851 1201 936 χρὴ
1229 889 1266 900 -
1291 855 1382 936 λέξει,
1408 859 1505 938 Hipp.

324 957 388 1015 640
412 947 530 1032 σοφὴν
553 949 586 1014 δὲ
604 956 691 1032 μισῶ·
715 947 754 1031 ρο)
778 947 834 1033 γὰρ
857 950 890 1013 ἐν
913 948 1017 1031 δόμοις
1044 985 1081 996 -
1108 953 1152 1034 εἴη
1176 959 1331 1035 φρονοῦσα
1354 962 1459 1018 πλεῖον
1483 953 1504 1036 ἢ

321 1057 450 1133 γυναῖκα
474 1045 537 1130 χρή.
573 1053 609 1112 In
632 1055 739 1128 quarto
762 1053 827 1113 loco
850 1052 915 1128 ipsc
938 1052 1110 1113 Dindorfius
1136 1057 1238 1115 πλεῖον
1260 1055 1408 1114 intactum
1432 1057 1504 1116 reli-

322 1150 394 1229 quit
447 1149 522 1209 Oura
553 1150 647 1225 igitur
678 1149 782 1227 negari
813 1154 943 1226 nequeat
970 1151 1048 1211 hanc
1074 1150 1204 1210 formam
1233 1151 1357 1228 tragicis
1384 1153 1417 1210 in
1444 1171 1505 1212 usn

323 1248 430 1323 fuisse,
464 1248 578 1307 fnrstra
607 1247 697 1306 tertio
725 1248 789 1308 loco
819 1249 953 1309 πλεῖστον
982 1265 1035 1324 pro
1067 1267 1103 1309 ea
1130 1247 1296 1312 substituit.
1348 1248 1434 1320 Quod
1463 1252 1506 1310 ad

323 1346 533 1422 inscriptiones
561 1345 684 1422 attinet,
712 1347 743 1406 in
769 1346 886 1406 duobus
910 1347 1008 1406 titulis
1031 1345 1096 1407 OIA
1121 1347 1152 1405 ΙΙ
1176 1349 1250 1420 594,
1278 1349 1325 1408 16.
1359 1349 1435 1424 476,
1460 1351 1503 1409 65

323 1447 425 1505 πλεῖον
455 1443 610 1503 inventum
640 1446 701 1520 cst,
728 1443 824 1520 iisque
852 1443 977 1504 alterius
1006 1447 1037 1504 et
1064 1445 1152 1520 primi
1181 1463 1206 1505 a.
1237 1443 1287 1503 oh.
1313 1445 1438 1522 saeculi3
1467 1465 1505 1505 cx

326 1560 361 1601 οο
384 1544 487 1600 tamen
509 1541 588 1616 quod
611 1541 642 1599 in
659 1541 757 1601 tribus
781 1542 998 1618 antiquioribus
1021 1537 1111 1602 πλέον
1134 1545 1182 1601 est
1199 1536 1281 1622 (CIA
1305 1542 1430 1620 11167,
1451 1545 1505 1604 55.

327 1642 399 1716 352,
426 1641 474 1698 12.
508 1639 581 1713 573,
604 1631 658 1716 17)
683 1638 818 1699 concludi
841 1640 945 1716 nequit
967 1643 1057 1699 antea
1078 1641 1181 1700 πλεῖον
1203 1640 1235 1698 in
1258 1640 1506 1715 inscriptionibus

326 1755 385 1796 non
413 1737 592 1810 usurpatum
621 1751 699 1811 esse3
731 1754 800 1796 nam
830 1737 972 1814 pauciora
1001 1739 1074 1797 hacc
1105 1737 1262 1814 utriusqus
1290 1739 1404 1798 formae
1433 1743 1507 1799 sunt

327 1833 471 1908 exempla.
518 1833 662 1892 Attamen
685 1833 844 1895 discrimen
868 1835 990 1912 aliquod
1012 1835 1092 1893 inter
1114 1835 1298 1911 tragicorum
1322 1839 1354 1894 et
1376 1837 1505 1896 comico-

326 1951 394 1991 rum
412 1949 501 1990 usum
527 1930 646 1991 videtur
669 1931 861 1994 intercedere.
899 1934 989 2010 Apud
1009 1933 1242 2010 Aristophanem
1261 1933 1340 1992 enim
1358 1933 1390 1992 in
1410 1936 1507 1994 omni·

328 2031 383 2090 bus
398 2029 503 2090 formis
520 2031 640 2106 praeter
658 2025 748 2091 πλέον
767 2031 970 2108 diphthongus
990 2037 1155 2107 comparet3
1174 2029 1283 2108 tragici
1303 2051 1317 2089 ε
1335 2031 1367 2090 in
1386 2031 1506 2091 duabus

327 2128 491 2205 trisyllabis
515 2123 640 2199 πλέονος
667 2120 772 2209 (Soph.
797 2127 855 2188 00.
882 2131 975 2189 1211.
1006 2129 1081 2189 Phil.
1109 2129 1210 2204 1100;
1241 2130 1345 2187 contra
1367 2127 1506 2201 πλείονος

327 2229 398 2286 Eur.
418 2227 525 2302 fragm.
547 2227 680 2302 288,12
701 2218 804 2306 Diud.)
824 2229 855 2285 et
873 2222 974 2286 πλέονι
996 2219 1079 2306 (Eur.
1100 2225 1210 2284 Phoco.
1231 2219 1310 2304 539)
1329 2225 1506 2303 admittunt,

329 2326 359 2385 in
387 2325 524 2402 reliquis,
554 2322 687 2395 πλείονες
715 2317 800 2405 (Eur.
829 2324 894 2383 Alc.
923 2314 1001 2404 720)
1034 2320 1155 2383 πλείονα
1186 2314 1293 2403 (Soph.
1322 2321 1396 2382 Phil.
1429 2325 1503 2382 576.

328 2421 386 2482 00.
417 2423 467 2480 36.
500 2421 571 2479 Eur.
601 2419 703 2496 Suppl.
732 2423 805 2481 451.
838 2421 903 2496 Ipb.
932 2421 964 2480 T.
997 2412 1095 2500 1234)
1127 2417 1264 2491 πλείονας
1296 2411 1402 2499 (Soph.
1432 2420 1505 2482 Ant.

330 2511 408 2599 313)
436 2511 581 2577 πλειόνων
610 2510 714 2598 (Soph.
739 2517 799 2580 ΟΒ,
824 2521 897 2580 247.
925 2519 997 2578 Eur.
1021 2517 1124 2594 Suppl.
1150 2511 1228 2596 239)
1256 2516 1369 2578 πλείοσι
1397 2510 1504 2599 (Soph.

330 2617 376 2676 sl.
401 2617 495 2676 1353.
523 2617 616 2675 1371.
644 2616 715 2675 Eur.
738 2617 804 2694 Iph.
828 2617 861 2674 Τ.
887 2611 978 2697 279),
1008 2616 1072 2674 sola
1095 2635 1118 2674 ει
1142 2615 1239 2674 vocali
1262 2618 1397 2676 utuntur.
1445 2615 1504 2676 Sed

329 2715 399 2774 licet
426 2733 439 2772 ε
466 2712 498 2771 in
526 2712 572 2772 his
600 2714 704 2774 formis
728 2714 836 2791 tragici
861 2714 1053 2790 evitaverint,
1081 2714 1182 2772 tamen
1209 2712 1288 2788 apud
1311 2713 1429 2774 Atticos
1454 2733 1503 2773 aas

330 2813 359 2870 in
379 2829 436 2870 usu
454 2811 548 2870 fuisse
566 2811 671 2888 negari
689 2813 800 2888 nequit.
833 2813 912 2872 Nam
932 2830 1035 2872 earum
1055 2812 1191 2887 exempla
1208 2812 1239 2869 in
1262 2811 1360 2872 titulis
1384 2815 1506 2871 exstant
1634 2807 1635 2874 i

329 2928 423 2987 eaque
451 2910 622 2986 antiquiora
649 2930 738 2986 quam
767 2929 834 2970 cum
862 2931 887 2970 ει
913 2910 1107 2986 diphthongo.
1155 2907 1198 2968 Of.
1227 2904 1338 2969 πλέονα
1360 2909 1413 2967 ΕΑ
1441 2912 1461 2970 l.
1484 2910 1503 2970 l.

329 2999 370 3084 (a,
393 3005 445 3066 Oh.
470 2999 565 3087 418),
592 3002 726 3069 πλεόνων
750 3008 817 3068 OIA
841 3009 872 3067 II
897 3012 969 3085 167,
990 3005 1034 3068 '48
1064 3010 1095 3067 et
1121 3003 1240 3068 πλίοσιν
1267 3006 1338 3065 ibid.
1363 3009 1437 3078 578,
1463 3010 1502 3066 17

330 3097 518 3184 (posterioris
542 3106 637 3181 partis
662 3107 762 3181 quarti
786 3097 926 3186 saeculi);
949 3110 1053 3166 contra
1074 3099 1221 3165 πλειόνων
1243 3103 1312 3163 οΙΑ
1330 3103 1361 3162 ΙΙ
1382 3105 1455 3183 625,
1476 3107 1503 3164 9.

333 3205 382 3262 11.
409 3203 447 3284 13
472 3193 613 3282 (alterius
637 3221 663 3261 a.
686 3202 739 3263 Ob.
764 3193 898 3284 saeculi),
921 3203 1052 3264 πλείοσιν
1074 3202 1195 3264 πλείονα
1218 3201 1356 3274 πλείονας
1377 3201 1449 3262 ibid.
1472 3201 1503 3260 ΙΙ

330 3301 404 3374 467,
429 3300 479 3359 88.
512 3302 584 3370 628,
610 3303 660 3359 11.
685 3303 725 3359 32
750 3293 903 3381 (primia.
928 3299 981 3359 oh.
1006 3294 1139 3382 saeculi).
1182 3301 1289 3376 Neque
1311 3303 1412 3360 tamen
1435 3299 1503 3359 inde

330 3398 473 3474 temporis
501 3397 660 3458 discrimen
687 3399 717 3458 in
745 3400 852 3458 harum
882 3399 1047 3458 formarum
1075 3415 1131 3456 usu
1155 3397 1347 3474 epigraphico
1371 3399 1503 3456 statuere

330 3495 408 3556 licet.
453 3495 532 3556 Nam
555 3498 656 3572 quarti
679 3497 790 3556 saeculi
812 3495 931 3556 videtur
959 3513 1026 3554 esse
1052 3493 1187 3566 πλείονος
1210 3491 1278 3554 OIA
1300 3493 1331 3552 ΙΙ
1355 3495 1429 3565 564,
1455 3496 1503 3554 11.

295 3581 299 3590 ’
332 3595 418 3656 1113
443 3583 592 3675 (ciusdem
615 3594 678 3653 fero
701 3595 845 3670 temporis
866 3589 989 3664 πλέονος
1007 3592 1079 3652 ibid.
1099 3593 1194 3651 811ο
1219 3581 1307 3671 113),
1331 3595 1362 3650 et
1383 3590 1503 3651 πλείονα

330 3695 390 3752 iam
422 3693 454 3752 in
485 3691 604 3750 foedere
634 3709 653 3749 a
682 3690 735 3750 Th.
769 3690 797 3749 V
827 3693 868 3750 47
902 3691 1048 3766 exscripto
1078 3689 1171 3749 fuisse
1204 3708 1295 3764 supra
1326 3688 1502 3749 monuimus.

332 3789 414 3861 Quae
446 3809 512 3849 cum
543 3789 588 3866 ita
620 3788 693 3863 sint,
725 3789 780 3849 hoc
807 3789 867 3848 iam
896 3790 1032 3848 constare
1059 3787 1188 3861 videtur,
1221 3786 1300 3862 apud
1328 3787 1445 3846 Atticos
1473 3787 1502 3845 in

331 3889 489 3966 bisyllabis
522 3886 625 3948 formis
658 3906 725 3946 cum
756 3886 847 3964 longa
878 3886 985 3945 ultima
1017 3905 1043 3946 ει
1074 3884 1182 3959 fuisse,
1214 3883 1338 3961 reliquis
1370 3904 1383 3942 ε
1417 3886 1447 3944 et
1479 3903 1503 3944 a

332 3988 498 4065 promiscue
526 3985 660 4045 adhibita
688 4002 762 4044 esse.
808 3984 897 4060 Apud
920 3983 974 4043 Th.
1003 3985 1103 4043 autem
1132 3977 1239 4053 πλέους
1270 3984 1300 4040 et
1323 3976 1420 4040 πλέων
1443 3982 1500 4041 for-

331 4103 448 4146 marum
480 4083 615 4159 exempla
646 4101 706 4141 non
734 4083 865 4156 exstant3
897 4101 951 4156 pro
982 4077 1059 4140 πλέα
1087 4081 1219 4160 115120,
1249 4082 1267 4139 5
1297 4078 1387 4138 haur.
1415 4079 1501 4139 πλεία

335 4183 473 4260 praebet3
505 4184 662 4258 practerea
692 4173 769 4240 πλέω
802 4181 945 4254 quattuor
975 4179 1049 4239 locis
1083 4170 1112 4257 (I
1145 4181 1200 4251 81,
1233 4179 1262 4237 5.
1302 4177 1374 4254 104,
1409 4180 1436 4236 1.
1474 4177 1501 4235 II

333 4283 385 4358 89,
409 4283 437 4342 5.
461 4279 504 4340 IV
530 4282 579 4355 19,
605 4271 638 4358 2)
662 4277 787 4354 legitur,
815 4277 867 4353 qui
889 4276 1066 4338 emendandi
1082 4278 1174 4348 sunt,
1200 4272 1288 4334 πλείω
1317 4276 1421 4332 contra
1443 4273 1501 4332 fre-

333 4378 562 4454 quentissimum
581 4382 634 4438 cst.
671 4375 799 4451 Italique
817 4392 885 4435 cum
901 4394 1007 4434 norma
1029 4373 1116 4433 modo
1139 4373 1292 4448 proposita
1315 4369 1501 4430 conveniunt.

423 4475 516 4536 Nulla
538 4492 628 4536 caum
650 4474 869 4535 Herwerdonus
893 4469 1129 4532 ἐπιθαλασσίδιοι
1153 4462 1210 4548 (IV
1230 4471 1281 4544 76,
1300 4461 1335 4546 3)
1360 4470 1391 4527 et
1412 4487 1501 4545 παρα·
