3322 5138
648 377 865 490 437..

169 593 280 651 varunt
308 589 369 650 Pal.
399 593 430 649 et
459 589 537 666 Aug.
567 589 625 647 VII
649 592 701 663 36,
727 592 756 649 2.
786 593 804 649 3
833 590 965 668 1166666
993 593 1025 650 16
1052 585 1235 675 ἀντίπρῳρος
1263 595 1344 653 66166

169 689 232 748 Ρ61.
251 688 295 745 IV
316 690 344 766 8,
366 690 392 746 7.
419 689 467 762 14,
489 691 516 746 1.
536 686 664 764 V1134,
684 689 717 763 53
738 682 887 772 λῄζεσθαι,
906 711 965 750 666
984 691 1136 768 ληΐζεσθαι
1156 692 1344 752 scribendum

172 805 237 847 esee
271 785 343 844 Eur.
377 785 484 844 Troad.
516 787 589 845 383.
623 788 686 846 866
722 789 894 866 ostendunt,
928 789 1099 866 pariterque
1132 785 1249 874 πλςόζω,
1286 809 1346 850 666

168 883 286 954 bibitor
306 881 486 942 exarandum
506 901 571 942 esse
591 903 626 941 ex
644 883 753 944 Herod.
773 885 788 943 Ι
807 888 880 964 444,
901 890 929 948 7.
952 886 983 945 ΙΙ
1003 890 1077 963 571,
1097 891 1137 949 27
1163 882 1215 969 (61.
1229 890 1345 949 Usener

168 983 199 1040 in
219 981 325 1042 Annal.
345 982 416 1057 phil.
436 1001 462 1041 a.
484 977 569 1041 1865
588 1003 614 1058 p.
638 977 716 1061 242)
741 985 941 1060 cognoscitur.
978 985 1023 1044 De
1046 979 1160 1070 Μινῴα
1178 987 1214 1048 of.
1234 987 1344 1046 Herod.

168 1082 183 1139 I
208 1084 281 1156 303,
307 1081 356 1138 15.
385 1079 416 1137 II
439 1080 514 1156 420,
539 1081 579 1138 25
605 1082 635 1139 61
659 1081 694 1139 de
718 1073 865 1165 καλῴδιον
888 1082 919 1139 Π
943 1083 1017 1157 541,
1042 1084 1071 1143 4.
1109 1085 1209 1166 Δρῷοι
1230 1085 1345 1146 nomini

168 1183 205 1238 61
232 1201 242 1237 ι
271 1169 532 1237 subscribaturII
559 1180 629 1252 101,
654 1181 672 1237 3
702 1177 779 1253 Aug.
809 1178 958 1254 scriptura
980 1182 1093 1257 Δρῶιοι
1121 1180 1227 1240 suadet
1256 1185 1286 1241 61
1314 1182 1345 1239 16

164 1268 418 1357 1666666611
439 1276 511 1349 109,
532 1278 550 1334 3
571 1275 601 1334 id
620 1295 778 1352 perperam
797 1278 897 1337 omitti
918 1297 953 1337 ex
973 1277 1074 1338 6161
1094 1280 1144 1356 37,
1165 1281 1185 1338 4
1210 1282 1343 1354 apparet.

167 1374 211 1433 Ut
229 1373 356 1434 nominis
377 1373 449 1432 olari
468 1374 608 1434 statuarii
626 1374 733 1450 Argivi
752 1375 804 1450 661
828 1393 846 1432 6
865 1375 1014 1435 Pausania
1033 1369 1192 1456 Ἀγελοὶδας
1210 1377 1343 1454 1166666

167 1491 186 1530 6
214 1471 313 1529 Plinio
340 1469 493 1546 Ageladae
522 1471 691 1547 appellatur
718 1473 879 1548 genuinam
912 1475 1039 1534 formam
1064 1467 1222 1560 Ἀγελᾴδας
1250 1475 1344 1534 161666

167 1570 211 1632 ΙΑ
236 1571 277 1627 42
308 1569 453 1646 ostendit,
481 1569 525 1628 ita
553 1569 632 1644 apud
658 1568 712 1626 Th.
740 1589 800 1630 non
823 1572 1027 1644 Σθενελαΐδας
1046 1567 1264 1650 Ἐρνξιλαΐδας,
1292 1574 1344 1632 sed

166 1660 360 1751 Σθενελᾷδας
380 1660 574 1749 Ἐρνξιλᾴδας
593 1665 781 1727 scribendum
805 1673 858 1728 661.
897 1669 941 1729 ef.
967 1667 1111 1749 Φιλάιδης
1134 1670 1251 1730 (6611
1271 1673 1344 1746 983,

169 1770 233 1827 140
257 1769 289 1826 61
313 1759 445 1843 Φιλᾶδης
468 1766 580 1825 ibidem
605 1767 693 1827 9851
720 1769 768 1841 19,
797 1761 916 1839 Λοὶιδοις
939 1768 988 1827 DS
1013 1771 1086 1847 389,
1111 1771 1152 1829 26
1184 1772 1214 1828 et
1237 1761 1344 1840 Λοῖδοις

166 1866 216 1924 DS
242 1867 315 1939 258,
342 1868 370 1925 1.
399 1864 458 1922 VII
483 1867 533 1940 39,
559 1868 574 1924 1
602 1865 706 1940 optimi
730 1864 813 1924 oodd.
837 1866 998 1945 πρωΐνερον
1020 1869 1069 1928 vel
1092 1860 1245 1947 πρότερον,
1271 1866 1344 1926 VIII

169 1965 242 2038 101,
263 1965 281 2022 3
306 1963 442 2040 plerique
464 1962 626 2040 πρωΐτερον
649 1964 680 2020 61
704 1959 762 2018 VII
788 1967 838 2039 19,
865 1967 880 2022 1
907 1965 1089 2040 optimorum
1112 1969 1174 2024 tres
1197 1965 1345 2044 πρωΐοατα

166 2061 288 2121 habent.
315 2060 417 2121 ‘Haeo
440 2080 507 2119 oum
530 2052 650 2142 66661,
674 2079 729 2135 pro
752 2078 810 2134 quo
833 2061 906 2120 item
929 2062 960 2120 iu
984 2063 1069 2122 libris
1092 2063 1344 2141 6661166661166

166 2149 216 2238 (ef,
242 2157 334 2216 Arist.
360 2158 448 2234 Vesp.
470 2149 558 2238 104),
581 2157 718 2216 derivate.
741 2156 810 2232 siut,
833 2154 1090 2243 66161666166666
1112 2150 1248 2244 66616666
1272 2161 1343 2220 sori·

166 2255 298 2314 bendum
326 2274 401 2316 6666.
447 2255 526 2313 Nam
553 2256 714 2334 rrqorireqov
743 2259 773 2314 et
799 2258 947 2336 aperirem
975 2258 1078 2339 166166Ι
1103 2262 1174 2318 6661
1201 2278 1219 2317 6
1242 2258 1343 2318 Ionioo

166 2355 248 2433 πρωΐ
275 2355 372 2414 dueta.
423 2353 508 2423 Quod
535 2354 566 2412 in
593 2354 630 2413 It.
660 2352 720 2411 VII
750 2358 800 2428 19,
831 2360 847 2414 1
878 2350 1012 2435 πρώτατα
1040 2380 1082 2437 γρ.
1111 2358 1238 2434 legitur,
1271 2358 1343 2416 haee

166 2454 316 2529 scriptura
342 2451 457 2511 tradita
483 2456 640 2528 praeterea
668 2452 715 2510 661
742 2450 773 2509 16
797 2453 850 2527 Μ.,
878 2455 909 2514 16
933 2456 1016 2515 66166
1039 2455 1174 2531 margine
1197 2455 1344 2533 πρωΐτατα

167 2554 222 2612 661.
268 2551 314 2610 De
342 2545 460 2634 πρῴην,
494 2551 577 2609 66166
607 2573 617 2609 ι
644 2549 691 2607 ΙΙΙ
716 2551 788 2626 113,
813 2553 833 2610 4
861 2553 892 2610 16
919 2555 1056 2613 omnibus
1084 2554 1171 2614 libris
1200 2553 1344 2612 omissum

167 2652 222 2726 661,
247 2650 283 2707 61.
307 2647 418 2709 Herod.
442 2648 457 2706 I
481 2650 555 2726 490,
580 2650 608 2708 4.
636 2648 667 2706 Π
692 2649 765 2723 574,
790 2649 840 2708 26.
887 2650 932 2708 Hx
956 2650 1211 2726 inseriptiouibus,
1235 2651 1343 2726 quibus

165 2767 236 2825 pars
266 2747 531 2824 grammaticorum
561 2746 687 2820 aooedit,
722 2745 795 2804 66116
825 2749 943 2804 6666161
969 2750 1087 2806 veteres
1115 2746 1232 2806 Attioos
1261 2741 1342 2831 σῴζω

167 2839 249 2926 (om
273 2845 289 2904 1
313 2848 364 2905 ar.
392 2845 588 2922 1166616.
613 2846 686 2918 aaa,
707 2845 757 2903 36.
782 2845 854 2917 roe,
878 2845 906 2903 5.
932 2847 1004 2921 972,
1026 2837 1059 2924 7)
1083 2837 1205 2926 66666
1230 2838 1299 2924 (nn
1318 2865 1342 2906 a.

170 2945 254 3004 1884
283 2963 311 3018 p.
338 2935 448 3022 6566.)
477 2941 587 3001 dixisse
615 2945 645 3001 61
673 2964 683 3000 ι
712 2942 915 3018 subscriptum
943 2943 1049 3002 horum
1076 2942 1236 3001 verborum
1259 2961 1343 3017 prae-

167 3040 302 3100 sentibus
322 3044 353 3100 et
371 3039 555 3116 imperfectis
574 3040 684 3117 ubique
703 3039 872 3098 addendum
893 3059 966 3116 6666,
985 3040 1123 3116 idemque
1138 3040 1174 3099 de
1189 3034 1343 3120 pepigique

165 3139 432 3216 grammaticorum
458 3129 582 3218 (Herod.
608 3139 680 3215 551,
711 3139 760 3204 15,
790 3138 890 3215 Etym.
918 3159 957 3198 m.
988 3140 1062 3214 452,
1087 3129 1143 3216 29)
1171 3138 1342 3198 1661166616

166 3237 293 3296 constat.
329 3235 375 3297 01.
399 3235 512 3296 Weolrl.
537 3235 605 3296 Gur.
631 3236 724 3312 epigr.
745 3257 774 3312 p.
794 3236 845 3296 46.
884 3236 969 3307 Quod
993 3256 1063 3297 vero
1088 3233 1197 3318 ἔσῳσεν
1218 3237 1250 3295 16
1274 3236 1342 3295 CIA

165 3334 329 3411 11605,6
354 3335 475 3412 legitur,
499 3333 680 3394 monendum
704 3336 751 3392 661
773 3334 842 3394 inde
866 3354 884 3392 a
907 3335 1097 3394 Macedonica
1121 3337 1221 3394 aetate
1245 3337 1301 3395 hoo
1324 3359 1343 3412 ι,

166 3453 233 3492 666
257 3433 444 3510 pronuntiari
469 3433 664 3506 detineretur,
688 3451 900 3507 nonnunquam
923 3434 1001 3493 16166
1025 3437 1056 3493 61
1080 3433 1223 3492 6616666
1243 3437 1274 3493 61
1292 3435 1342 3493 ad-

167 3532 263 3591 ditum
278 3551 353 3592 6666.
381 3532 460 3590 Nam
473 3534 611 3607 tempora
624 3535 744 3606 praeter
756 3549 854 3606 praes.
870 3533 900 3590 et
917 3532 1034 3608 imperf.
1053 3551 1072 3590 6
1090 3525 1156 3591 ordor
1176 3522 1234 3611 (=
1249 3525 1343 3611 σαόω)

167 3631 256 3690 ducta
279 3649 345 3690 6666
368 3625 498 3708 σε’σοομαι
520 3623 641 3707 ἐσώθην
664 3629 833 3706 ostendunt,
860 3649 913 3689 neo
936 3631 1032 3708 magis
1056 3651 1160 3691 verum
1183 3633 1230 3689 661
1252 3627 1342 3712 ἔσῳσε

168 3749 256 3804 quam
286 3725 470 3810 σεσῳμὲνονς
498 3727 564 3787 ΟΙΑ
591 3730 622 3787 II
651 3729 725 3800 225,
756 3731 810 3802 11,
839 3729 918 3803 quod
946 3730 1054 3789 saltem
1081 3728 1210 3788 debebat
1238 3743 1341 3810 σεσῳσ-

168 3823 275 3903 μένους
303 3843 378 3888 6666.
429 3825 589 3887 Praeterea
621 3829 651 3887 in
680 3825 747 3886 014
777 3825 792 3882 I
821 3827 942 3885 nomina
970 3828 1090 3904 propria
1117 3844 1134 3884 6
1162 3829 1244 3883 Σωσι
1272 3824 1342 3884 1661-

168 3925 281 4000 pientia
308 3927 365 3985 hoo
391 3947 402 3984 ι
430 3925 529 3985 66616
556 3929 666 3985 carent.
713 3924 820 3999 Itaque
843 3922 887 3981 IV
912 3926 962 4000 62,
987 3924 1111 3997 216166
1137 3921 1258 3980 additur
1285 3944 1296 3981 ι
1324 3941 1342 3981 6

167 4023 229 4084 Ρ61.
253 4027 285 4082 61
307 4023 347 4084 Μ.
371 4024 401 4083 16
424 4017 642 4096 ξανδιασῶισαι.
687 4024 771 4083 Idem
795 4021 931 4082 6616116
955 4014 1052 4095 otton,
1078 4019 1157 4096 quod
1180 4018 1210 4076 in
1234 4017 1303 4079 Vat.
1327 4019 1341 4076 I
1433 4089 1437 4098 ι

169 4123 218 4197 37,
249 4124 263 4179 1
296 4121 421 4197 legitur,
454 4141 623 4199 quanquam
656 4122 735 4181 inter
763 4119 975 4195 grammaticos
1002 4119 1125 4177 fuerunt
1153 4116 1204 4193 qui
1231 4116 1262 4173 in
1289 4117 1340 4175 ad·

168 4219 278 4279 verbiis
293 4219 325 4277 in
340 4240 363 4278 ω
374 4220 550 4278 exeuntibus
561 4220 696 4280 additum
705 4242 717 4279 ν
726 4219 888 4296 probarent
899 4212 950 4301 (of.
960 4219 1076 4279 Usener
1085 4219 1105 4277 l.
1115 4218 1135 4276 l.
1144 4237 1172 4292 p.
1184 4209 1340 4294 248sqq.).

169 4315 242 4375 Cum
266 4317 345 4377 enim
365 4317 449 4392 origo
469 4317 533 4377 6166
553 4318 772 4378 terminationis
792 4317 893 4377 obstet
912 4312 963 4398 (of.
983 4316 1017 4376 G.
1036 4316 1151 4392 Meyeri
1170 4314 1271 4374 Gram.
1291 4313 1341 4374 Gr.

168 4411 188 4489 ἓ
207 4416 269 4474 303
290 4418 322 4474 61
343 4407 429 4496 115),
452 4416 484 4475 16
504 4409 594 4476 οὕτωι
611 4436 671 4477 666
690 4417 786 4492 magis
810 4434 931 4474 oausam
954 4439 964 4475 ι
987 4415 1078 4474 habet
1102 4432 1191 4490 quam
1216 4412 1247 4471 in
1270 4409 1342 4490 ἔφην

170 4512 337 4590 61616166,
360 4533 436 4590 6666
459 4513 538 4574 idem
561 4516 629 4575 Vat.
653 4517 669 4574 Ι
693 4518 744 4589 37,
769 4519 797 4574 2.
830 4517 879 4588 67,
905 4516 925 4572 4
948 4513 1046 4571 habet.
