3322 5138
654 421 872 487 -31..

174 583 313 666 ἐθελῆσαι
337 580 376 648 δν
399 581 548 665 ἅψασθαι,
572 592 626 648 aut
648 589 868 648 rescribendum
893 588 936 662 τίς
958 585 1100 669 ἐπιστήμη
1124 594 1229 652 πασῶν
1247 591 1347 668 διαφε·

173 681 284 765 ρόντως
312 686 429 766 μεγίστη
457 678 535 765 (scil.
563 681 637 768 ἐστί)
660 709 687 747 ιι.
710 708 733 746 τ.
756 690 794 763 t,
825 705 952 763 quocum
975 690 1011 749 cf.
1036 690 1128 750 Thuc.
1152 690 1228 750 VIII
1253 691 1302 763 68,
1328 693 1345 749 3

173 780 298 862 παρέσχε
326 831 332 844 .
358 831 364 842 .
388 830 396 845 .
428 777 534 844 ἑαυτὸν
566 775 688 843 πόντων
720 777 920 861 διαφερόντως
952 781 1178 864 προθυμότατον
1211 791 1242 846 et
1269 787 1346 846 Plat.

172 883 255 941 Prot.
281 882 376 940 349d
398 875 623 960 ἀνδρειοτάτους
646 878 678 941 δὲ
702 875 911 960 διαφερόντως.

734 1105 785 1175 Vl.

261 1244 402 1305 Omnium
420 1247 698 1324 frequentissimum
716 1246 859 1306 vitiorum
877 1265 972 1323 genus
990 1249 1021 1307 id
1040 1249 1184 1326 estquod
1206 1250 1237 1307 in
1260 1267 1347 1309 voca-

172 1344 315 1403 bulorum
346 1345 450 1405 formis
482 1348 630 1405 versatur.
681 1344 832 1420 Imprimis
865 1349 967 1404 autem
998 1347 1030 1405 in
1061 1346 1230 1406 Atticorum
1261 1347 1347 1406 libris

171 1443 280 1501 accidit
311 1448 346 1502 ut
378 1445 578 1519 posteriorum
610 1448 780 1521 temporum
809 1443 951 1518 loquendi
978 1463 1036 1504 usu
1064 1445 1347 1504 contaminarentur.

171 1539 207 1598 In
233 1542 332 1600 locum
360 1543 439 1600 enim
466 1543 631 1602 formarum
658 1561 728 1604 vere
755 1540 926 1600 Atticarum
957 1542 1088 1602 librariis
1120 1537 1212 1602 etiam
1243 1543 1347 1602 Invitis

171 1636 323 1706 interdum
356 1658 409 1698 eae
441 1641 550 1715 quibus
583 1641 641 1716 ipsi
672 1643 829 1698 uterentur
860 1640 1010 1701 subibant.
1065 1641 1150 1711 Quod
1182 1640 1256 1700 adeo
1288 1660 1347 1700 non

173 1735 282 1794 mirum
314 1741 361 1796 est
388 1741 436 1815 ut,
469 1740 494 1797 si
522 1758 581 1798 uon
608 1738 721 1798 factum
749 1740 842 1814 esset,
874 1739 977 1796 mirari
1005 1743 1166 1815 oporteret.
1217 1739 1348 1796 Tantum

172 1833 266 1909 igitur
293 1835 381 1894 abest
408 1839 443 1894 ut
469 1837 650 1896 temeritatis
678 1837 837 1894 accusandi
865 1837 927 1895 sint
954 1836 1005 1912 qui
1037 1837 1069 1896 in
1100 1838 1156 1897 hoc
1187 1855 1298 1913 genere
1330 1855 1348 1894 a

171 1930 317 1990 librorum
346 1935 526 1994 auctoritate
555 1934 752 1994 recedendum
778 1952 843 1993 esse
867 1938 988 2011 putant,
1016 1939 1176 1994 uteorum
1199 1936 1348 2011 vitupera-

172 2030 253 2088 tores
277 2031 411 2090 levitatis
435 2032 558 2092 crimine
581 2032 688 2091 merito
717 2030 896 2090 afficiantur.
943 2032 1132 2109 Thucydides
1156 2035 1257 2091 autem
1280 2051 1348 2091 cum

172 2126 209 2184 ab
237 2127 302 2202 ipso
326 2128 495 2206 Phrynicho
524 2131 603 2188 inter
630 2129 824 2204 gravissimos
852 2130 920 2205 puri
948 2134 1038 2206 atque
1066 2131 1231 2205 incorrupti
1253 2130 1348 2188 Attici

173 2225 316 2284 sermonis
337 2230 474 2288 auctores
493 2228 664 2288 nominatus
684 2227 724 2285 sit
739 2218 841 2305 (Phot.
856 2227 926 2286 bibl.
946 2248 975 2303 p.
992 2229 1089 2305 1011),
1104 2231 1133 2288 4.
1164 2226 1208 2286 cf.
1222 2226 1347 2303 Dionys.

171 2321 239 2381 Hal.
259 2343 288 2398 p.
308 2318 396 2404 454),
420 2325 614 2402 dignissimus
633 2326 681 2382 est
703 2325 751 2382 cui
770 2325 918 2399 genuinus
942 2326 1006 2384 eius
1029 2325 1109 2385 nitor
1132 2325 1242 2400 ubique
1261 2326 1348 2384 resti-

170 2422 283 2480 tuatur.
314 2421 379 2491 Qua
398 2424 434 2482 de
452 2444 485 2483 re
504 2442 572 2483 cum
589 2421 811 2480 Herwerdenus
830 2423 862 2481 in
880 2422 994 2481 Studiis
1014 2423 1106 2482 Thuc.
1125 2443 1153 2497 p.
1170 2423 1346 2480 111—134

170 2518 214 2576 ita
237 2518 346 2578 dixerit
368 2525 417 2598 ut,
445 2521 582 2596 quamvis
606 2520 643 2578 de
665 2519 817 2579 nonnullis
841 2523 922 2580 recte
945 2520 1131 2597 iudicaverit,
1153 2538 1213 2580 non
1235 2521 1346 2594 ubique

170 2619 271 2674 tamen
291 2618 365 2676 satis
384 2623 522 2679 accurate
541 2623 572 2678 et
586 2621 673 2678 caute
688 2635 811 2676 munere
828 2620 967 2693 suscepto
981 2619 1102 2677 functus
1117 2637 1182 2678 esse
1197 2619 1344 2690 videatur,

168 2715 200 2772 in
227 2716 331 2774 eadem
358 2718 534 2793 inquirendo
562 2736 623 2777 non
649 2717 719 2774 aeta
746 2733 793 2773 me
822 2718 959 2773 acturum
987 2735 1052 2776 esse
1079 2716 1201 2775 confido.
1248 2716 1346 2774 Multa

169 2813 291 2888 quidem
318 2814 468 2889 proferam
496 2834 573 2891 quae
601 2817 639 2874 ab
667 2813 720 2872 illo
743 2813 870 2888 aliisque
893 2817 975 2873 recte
998 2815 1158 2873 observata
1181 2815 1266 2886 sunt,
1294 2812 1347 2869 ali-

168 2910 307 2985 quotIens
339 2915 441 2972 tamen
471 2933 572 2972 meum
607 2912 796 2986 interponere
833 2911 977 2970 indicium
1013 2912 1124 2970 licebit.
1180 2908 1344 2984 Complura

168 3008 258 3066 huius
282 3011 401 3084 generis
425 3029 598 3087 quanquam
621 3011 681 3068 iam
704 3011 785 3066 recte
809 3007 977 3067 docuerunt
1004 3012 1121 3068 veteres
1147 3005 1344 3083 grammatici,

167 3123 226 3164 non
250 3110 352 3167 tamen
375 3109 486 3184 ubique
510 3127 614 3166 eornm
637 3106 748 3166 iudicio
772 3106 981 3166 confidendum
1002 3110 1058 3181 est,
1082 3107 1194 3182 quippe
1212 3105 1264 3180 qni
1283 3123 1341 3163 non

168 3204 267 3262 omnia
295 3206 369 3264 satis
398 3207 559 3282 diligenter
586 3206 814 3266 observaverint
842 3208 873 3264 et
897 3205 1016 3281 saepius
1040 3204 1120 3262 inter
1143 3221 1174 3262 se
1197 3204 1344 3277 pugnent.

168 3300 227 3358 Sed
250 3303 289 3360 ad
314 3322 417 3362 eorum
440 3305 608 3363 doctrinam
630 3304 690 3363 alia
718 3303 897 3378 cognitionis
927 3303 1062 3362 subsidia
1090 3301 1248 3374 accedunt,
1277 3317 1345 3358 ana

169 3399 250 3474 logia
273 3401 336 3460 sive
360 3402 455 3476 ipsius
474 3402 598 3478 linguae
616 3403 693 3462 ratio
713 3406 805 3476 atque
823 3418 938 3476 norma,
962 3398 1171 3475 inscriptiones
1191 3397 1346 3473 scriptoris

168 3499 261 3556 aetati
286 3517 444 3575 suppares,
474 3504 633 3576 poetarum
657 3501 860 3560 scaenicorum
883 3515 972 3572 usus,
1001 3498 1082 3573 apud
1110 3515 1185 3573 quos
1214 3498 1346 3554 metrum

168 3596 246 3653 veris
270 3597 374 3655 formIs
397 3598 546 3673 praesidio
570 3603 644 3675 erat,
668 3600 796 3674 denique
817 3595 978 3654 universus
998 3597 1181 3670 optimorum
1200 3594 1346 3652 librorum

168 3710 331 3754 consensus
363 3694 415 3752 ubi
447 3696 528 3754 iusta
560 3698 689 3772 ratione,
721 3713 781 3754 non
813 3693 898 3752 falsis
932 3694 1123 3752 librariorum
1155 3691 1345 3766 opinionibus

167 3789 283 3849 nititur.
322 3789 529 3851 Certissimum
548 3797 649 3853 autem
669 3792 837 3852 subsidium
857 3791 895 3848 ed
917 3791 1155 3865 cognoscendum
1179 3807 1345 3847 sermonem

168 3886 304 3945 Atticum
323 3891 354 3946 et
373 3907 459 3948 veras
478 3893 693 3951 vocabulorum
707 3892 819 3950 formas
834 3888 1020 3964 Indagandas
1035 3888 1244 3963 inscripti0nes
1259 3904 1344 3961 prae·

168 3984 248 4059 bent,
273 3986 331 4043 etsi
350 3987 531 4062 scriptorum
550 3989 667 4048 dicendi
685 4008 760 4050 usus
780 4006 840 4045 non
859 3987 977 4045 omnino
997 4006 1064 4045 cum
1083 4005 1189 4044 earum
1209 4003 1345 4044 sermone

167 4084 314 4160 congruIt.
371 4084 479 4160 Itaque
512 4088 675 4146 maximum
707 4088 841 4146 fructum
873 4087 947 4145 haec
979 4085 1116 4161 quaestio
1149 4086 1276 4160 percipit
1309 4103 1344 4142 ex

166 4182 288 4242 illarum
312 4183 538 4243 collectionibus
560 4188 665 4246 nostra
687 4188 788 4244 aetate
811 4185 898 4244 factis
908 4178 931 4265 ¹)
960 4188 991 4242 et
1014 4202 1091 4259 quae
1115 4184 1183 4241 hine
1207 4183 1342 4258 profecta

239 4355 266 4419 1)
296 4353 330 4406 01
351 4381 384 4398 =
403 4354 510 4424 Corpus
537 4355 620 4410 inser.
649 4355 692 4408 ed.
722 4354 847 4421 Boeckh,
877 4352 935 4406 CIA
955 4379 988 4399 ==
1009 4351 1115 4421 Corpus
1144 4350 1226 4408 inser.
1250 4354 1344 4420 Attin,

170 4432 206 4486 la
227 4460 261 4479 =
281 4435 365 4488 lnscr.
390 4435 514 4489 Graecae
538 4435 750 4503 antiquissimae
778 4435 890 4504 praeter
913 4433 1022 4486 Atticae
1049 4433 1078 4485 in
1101 4431 1198 4486 Attica
1220 4435 1345 4503 repertas

168 4519 210 4570 ed.
223 4514 323 4580 Roehl‚
339 4514 383 4567 DS
394 4541 428 4559 =
440 4514 553 4584 Sylloge
567 4516 649 4570 inser.
661 4516 830 4570 Graecarum
841 4515 883 4567 ed.
893 4513 1100 4582 Dittenberger,
1115 4510 1161 4565 01)
1170 4541 1204 4558 =
1213 4513 1344 4569 Delectus
