3322 5138
764 407 982 470 „20.„

287 575 456 650 applicatur
473 573 531 632 nisi
550 572 589 631 ad
607 560 699 631 verba
721 572 846 647 putandi
864 574 917 629 aut
935 568 1062 630 dicendi.
1100 567 1185 638 Quod
1204 568 1284 626 enirn
1303 566 1330 623 V
1348 568 1419 643 105,
1439 569 1458 627 3

288 673 450 749 φοβεῖσθαι
465 690 531 729 oum
547 671 693 730 infinitivo
705 669 800 728 futuri
812 669 956 744 iungitur,
971 667 1002 726 in
1013 668 1120 726 timore
1131 665 1302 740 suspicandi
1312 666 1462 724 sententia

288 772 363 829 latet
388 762 438 850 (of.
457 770 543 830 Hom.
564 768 617 829 Od.
637 769 723 826 XXII
743 769 793 826 40.
818 767 888 825 Eur.
911 765 975 825 Ion.
997 758 1105 844 1564).
1138 764 1243 840 Neque
1268 764 1461 826 alienatione

288 868 367 924 idem
390 867 555 927 infinitivus
578 867 625 925 ΙΙΙ
649 869 701 940 26,
725 868 745 924 4
770 865 895 924 verbum
919 860 1066 940 ἐπιμένειν
1086 865 1230 939 sequitur,
1254 863 1395 938 quoniam
1414 881 1462 920 ex-

288 965 433 1039 spectatio
457 965 664 1024 confidentiam
688 964 787 1022 habet.
795 953 821 1042 ¹)

845 1141 902 1211 111.

378 1268 437 1326 Diu
455 1270 645 1345 multumque
664 1286 682 1325 a
700 1267 773 1327 viris
793 1265 887 1324 doctis
911 1265 1111 1340 disceptatum
1134 1267 1181 1323 est
1203 1283 1273 1321 num
1297 1257 1335 1322 άν
1357 1263 1461 1321 futuro

287 1366 411 1442 adiungi
429 1369 540 1442 posset.
577 1366 609 1424 Si
632 1385 667 1425 ea
690 1365 739 1424 via
762 1383 851 1441 quam
876 1383 967 1438 supra
988 1363 1020 1421 in
1043 1364 1098 1423 hoo
1121 1362 1461 1438 quaestionumgenere

288 1464 470 1539 sequendam
499 1483 565 1524 esse
594 1463 840 1540 significavimus,
869 1463 904 1518 ut
930 1461 968 1518 ad
997 1461 1156 1520 veritatem
1183 1459 1333 1535 perveniri
1358 1459 1462 1534 possit,

288 1561 487 1620 insistendum
512 1565 567 1637 est,
590 1564 691 1620 actum
714 1560 772 1618 erit
796 1559 831 1616 de
855 1577 957 1616 eorum
978 1559 1127 1618 sententia
1145 1558 1196 1634 qui
1214 1557 1289 1615 illud
1308 1576 1326 1614 a
1346 1557 1463 1633 Thucy-

287 1658 356 1717 dide
384 1659 495 1718 factum
526 1677 591 1718 esse
620 1658 780 1716 affirmant.
831 1656 936 1730 Neque
965 1656 1043 1715 enim
1076 1657 1145 1716 inde
1172 1651 1401 1731 proficiscuntur
1426 1658 1463 1712 ut

288 1755 434 1814 librorum
462 1757 621 1815 memoriae
650 1756 738 1815 fidem
764 1752 932 1813 habendam
956 1771 1021 1813 esse
1045 1773 1081 1812 ex
1104 1755 1244 1814 universo
1268 1771 1372 1812 eorum
1395 1771 1461 1812 oon-

288 1871 377 1912 seusu
399 1852 592 1929 ipsorumque
615 1854 747 1912 locorum
770 1853 880 1910 natura
902 1853 1090 1927 corruptelae
1113 1853 1211 1910 minus
1235 1852 1362 1910 obnoxia
1385 1869 1461 1910 eom-

287 1951 426 2026 probent,
461 1951 515 2008 sed
542 1952 586 2008 ita
613 1968 733 2009 causam
766 1967 851 2008 suam
882 1949 1041 2009 defendere
1073 1951 1196 2010 student
1227 1953 1262 2008 ut
1294 1949 1464 2024 excogitata

288 2046 404 2105 ratione
428 2067 487 2123 qua
509 2068 581 2107 usus
605 2048 732 2122 scriptor
755 2065 790 2105 eo
814 2047 901 2106 modo
923 2041 1005 2123 loqui
1024 2052 1077 2106 aut
1096 2049 1226 2108 voluerit
1245 2051 1299 2106 aut
1316 2047 1463 2118 debuerit,

288 2145 359 2220 quid
377 2165 446 2204 vere
466 2147 620 2222 scripserit
638 2145 831 2206 constituunt.
868 2144 927 2203 Sed
945 2147 976 2204 in
995 2147 1050 2206 hoc
1069 2165 1179 2222 genere
1197 2147 1296 2205 minus
1315 2145 1462 2204 rationem
1483 2191 1486 2196 .

288 2262 360 2302 usus
384 2244 470 2319 sequi
493 2243 613 2303 videtur
636 2261 725 2319 quam
748 2261 784 2300 ex
808 2261 865 2300 usu
892 2245 1040 2304 rationem
1067 2246 1204 2322 cognosci
1231 2235 1463 2306 consentaneum

287 2344 343 2400 est.
394 2340 468 2400 Cum
488 2345 599 2406 ,autem
632 2340 770 2401 veritatis
803 2341 952 2417 quandam
986 2343 1113 2417 speciem
1144 2344 1256 2402 habeat
1287 2343 1341 2402 illa
1370 2342 1462 2400 ratio-

288 2440 411 2514 cinatio,
440 2457 499 2497 non
526 2438 696 2497 mirandum
724 2441 770 2497 est
792 2439 897 2498 multis
921 2458 987 2498 eam
1010 2441 1197 2519 imposuisse,
1221 2444 1252 2500 et
1275 2461 1322 2500 me
1346 2459 1462 2518 quoque

288 2536 422 2611 speciosa
441 2536 585 2595 Ludovici
603 2536 740 2595 Herbstii
758 2537 1027 2614 argumentatione,
1049 2559 1137 2614 quam
1157 2540 1283 2614 probavi
1301 2540 1332 2598 in
1353 2538 1460 2597 Annal.

287 2636 360 2709 phil.
387 2654 413 2695 a.
439 2636 524 2694 1868
553 2653 581 2710 p.
608 2638 758 2712 lsslsqq.,
787 2634 946 2712 deceptum
970 2655 1035 2695 esse
1058 2637 1187 2713 ingenue
1211 2638 1361 2712 profiteor.
1406 2635 1462 2693 Hic

288 2732 366 2791 enim
397 2734 433 2792 de
461 2751 497 2792 ea
525 2753 557 2792 re
586 2735 682 2794 dusius
711 2754 746 2794 ea
774 2735 1022 2795 commentatione
1051 2735 1217 2811 disputavit
1243 2755 1333 2812 quam
1361 2736 1397 2793 de
1425 2729 1463 2792 άν

285 2832 388 2891 futuro
419 2833 498 2908 apud
527 2832 731 2909 Thucydidem
766 2830 868 2890 addito
897 2834 1017 2908 scripsit
1046 2826 1229 2912 (Hamburgi
1259 2826 1368 2914 1867),
1419 2832 1462 2890 Re

289 2935 391 2989 autem
414 2931 526 2988 iterum
546 2934 637 3005 atque
656 2930 766 2988 iterum
785 2949 933 3004 perpensa
950 2930 1130 3012 παλινῳδεῖν
1148 2936 1268 2990 coactus
1288 2950 1354 2989 sum
1373 2932 1462 3006 atque

287 3029 325 3086 ab
354 3047 388 3086 eo
417 3026 576 3086 dissentire
605 3027 652 3085 oui
683 3028 810 3086 antehae
842 3029 1087 3086 consentiendum
1120 3049 1185 3088 esse
1218 3028 1297 3088 duxi.
1347 3028 1405 3087 Sed
1432 3025 1466 3086 αλ

287 3120 422 3203 dedeceat
447 3145 511 3195 πως
538 3124 694 3200 φροντίδες
723 3118 894 3203 σοφώτεραι.
946 3126 981 3184 In
1006 3143 1116 3185 novem
1146 3147 1222 3203 quae
1254 3127 1292 3185 ab
1320 3127 1462 3185 Herbstio

287 3224 489 3281 defenduntur
520 3221 664 3296 exemplis
672 3213 699 3301 2)
731 3241 785 3296 pro
817 3223 1000 3299 reliquorum
1027 3243 1152 3282 numero
1184 3225 1372 3301 paucissimis
1404 3242 1463 3281 non

360 3377 385 3442 1)
400 3372 479 3425 Licet
489 3371 592 3427 Herod.
603 3373 628 3424 V
638 3378 672 3426 49
687 3368 885 3446 άναβάλλομαί
895 3395 939 3429 τοι
954 3370 983 3436 ές
997 3378 1091 3444 τρίτην
1105 3375 1215 3446 ἡμέρην
1228 3373 1462 3445 ὑποκρινέεσθαι,

287 3454 386 3522 vles,
410 3459 426 3505 2
450 3451 540 3505 ταὺτα
560 3444 599 3505 ὧν
619 3450 688 3523 ὑμῖν
707 3449 903 3525 άναβάλλομαι
922 3451 1060 3523 κνραίσειν
1080 3452 1109 3518 ές
1127 3455 1260 3526 τέταρτον
1279 3457 1364 3524 μῆνα,
1384 3455 1463 3509 Dem,

287 3535 325 3586 Ill
345 3540 360 3588 9
386 3534 416 3587 εί
430 3552 471 3594 τις
489 3527 568 3601 ὑμῶν
591 3531 631 3594 είς
654 3530 732 3588 τοῦτ’
753 3531 943 3603 ἀναβάλλεται
966 3533 1096 3603 ποιήσειν
1120 3531 1154 3589 τά
1178 3533 1281 3590 δέοντα
1304 3535 1352 3589 inf.
1376 3534 1463 3588 futuri

287 3615 329 3668 ita
347 3613 473 3668 excusari
492 3613 578 3680 queat
596 3615 628 3665 ut
646 3613 675 3665 in
695 3608 909 3684 ἀναβάλλεσθαι
923 3616 965 3668 vis
981 3615 1134 3684 pollicendi
1148 3616 1236 3670 latere
1252 3617 1363 3670 dicatur
1377 3615 1463 3686 (quod

287 3693 409 3748 enimin
429 3692 545 3761 aliquod
564 3694 675 3762 tempus
695 3693 856 3762 differimus,
878 3695 907 3748 id
927 3695 1026 3749 eodem
1045 3698 1172 3765 tempore
1190 3713 1241 3751 nos
1259 3696 1383 3750 facturos
1403 3710 1462 3748 esse

287 3774 477 3843 pollicemur),
500 3776 598 3828 tamen
621 3774 737 3842 propter
755 3773 857 3828 Herod.
878 3775 916 3828 IX
935 3781 951 3828 8
975 3771 1165 3847 ἀνεβάλλοντο
1189 3772 1218 3838 ές
1239 3774 1291 3844 τὴν
1311 3773 1461 3843 ὑστεραίην

286 3852 496 3923 ὑποκρίνασθαι
515 3855 545 3906 et
563 3852 601 3906 Vl
620 3858 654 3906 88
674 3848 770 3907 οὑκέτι
784 3850 978 3926 άνεβάλλοντο
1002 3853 1039 3924 μὴ
1060 3851 1093 3909 οὑ
1113 3851 1145 3910 τὺ
1165 3858 1223 3910 πάν
1243 3853 1462 3926 μηχανήσασθαι

287 3934 384 3988 dubito
403 3951 438 3988 an
457 3931 684 4002 ὑποκρίνασθαι,
709 3935 847 4002 κυρῶσαι,
871 3936 989 4002 ποιησαι
1007 3935 1186 3991 rescribenda
1204 3937 1273 4006 sint,
1298 3935 1460 4006 praesertim

286 4030 349 4067 cum
373 4011 484 4084 μέλλειν
507 4013 594 4067 simili
619 4013 770 4068 cunctandi
794 4014 821 4070 vi
844 4015 1003 4082 praeditum
1027 4033 1165 4084 nusquam
1189 4017 1238 4071 inf.
1260 4018 1349 4071 futuri
1368 4033 1461 4070 seciam

285 4096 397 4148 habeat.

356 4176 383 4242 2)
409 4176 493 4227 lteote
520 4173 624 4243 excipit
646 4173 672 4228 ΙΙ
695 4179 738 4242 80,
764 4181 778 4230 1
807 4173 911 4250 ὁηδίως
939 4169 975 4228 dcv
997 4173 1180 4246 Ἀκαρνανιάν
1204 4179 1318 4247 σχόντες
1342 4177 1390 4232 καί
1413 4177 1461 4244 τῆς

286 4253 438 4308 Ζακύνθου
463 4254 511 4307 καί
536 4256 734 4322 Κεφαλληνίας
758 4252 942 4325 κρατήσουσι,
970 4258 1018 4310 ubi
1042 4253 1080 4311 άν
1104 4258 1140 4310 ad
1164 4260 1253 4313 solum
1280 4257 1461 4328 participium

285 4329 398 4401 σχόντες
421 4334 466 4401 (ολ.
491 4334 515 4386 V
540 4341 564 4402 9,
589 4341 613 4388 3.
643 4334 681 4388 Vl
704 4342 748 4403 80,
772 4340 800 4405 6)
822 4338 864 4392 ita
886 4336 1010 4404 pertinet
1034 4339 1065 4391 ut
1088 4337 1163 4390 idem
1188 4337 1359 4406 significetur
1381 4355 1414 4391 ac
1437 4336 1460 4389 si

285 4412 420 4481 scriptum
439 4414 477 4466 sit
495 4411 599 4488 ῥᾳδίως
618 4407 654 4467 dcv
673 4420 703 4469 A.
724 4422 817 4484 σχοῖεν
838 4419 886 4472 καλ
906 4462 912 4472 .
934 4461 940 4473 .
960 4461 966 4473 .
987 4414 1165 4487 κρατήσουσι.
1202 4415 1306 4470 Eodem
1331 4417 1414 4470 modo
1432 4416 1462 4470 in

285 4491 355 4547 Plat.
375 4493 456 4562 Apol.
477 4499 536 4546 290
560 4491 615 4563 ἤδη
640 4489 677 4548 dv
699 4491 779 4563 ὑμῶν
799 4496 828 4551 ol
844 4497 916 4561 υἱεῖς
936 4493 1152 4566 ἐπιτηδεύοντες
1171 4491 1189 4550 ἃ
1210 4493 1364 4566 Σωκράτης
1383 4493 1461 4549 διθά-
