3322 5138
775 439 989 502 ..22-

300 609 486 681 spreverunt.
539 603 685 681 Cognovit
713 605 792 663 euim
819 595 875 680 τήν
901 598 987 662 πάλιν
1014 597 1067 682 οὐχ
1094 595 1250 682 ἡσυχάζειν
1281 595 1344 684 (vel
1374 605 1474 680 potius

298 693 474 783 ἡσυχάσειν)
497 721 531 762 ex
551 721 653 760 eorum
672 721 748 778 quae
768 703 934 776 sequuntur
952 701 1219 776 interpretamento
1238 702 1297 761 huc
1315 703 1473 778 irrepsisse

300 819 395 875 eoque
423 800 521 858 deleto
549 791 610 860 οὔτ’
635 817 689 875 pro
715 791 785 859 οὐδὲ
810 799 997 858 scribendum
1022 819 1095 860 esse.
1142 799 1200 859 Pro
1224 792 1280 860 οὐκ
1303 791 1342 858 άν
1365 791 1473 878 ἡσυχά-
1574 821 1576 826 ·

300 915 362 957 σειν
388 901 489 956 autem
518 916 620 956 verum
652 897 797 972 praebent
825 888 880 956 οὐκ
913 888 951 956 dv
982 888 1138 974 ἡσυχάζειν
1166 897 1205 958 Μ.
1235 898 1349 973 Mosqu.
1377 897 1473 974 Lugd.

300 1015 373 1056 corr.
397 988 508 1075 Aug.¹)
555 994 667 1054 Similis
695 995 778 1053 locus
803 997 849 1052 est
872 994 899 1051 V
923 996 975 1068 82,
1001 996 1019 1053 5
1043 987 1059 1054 ὁ
1084 991 1116 1054 δὲ
1140 994 1234 1072 δὴμος
1256 997 1315 1056 τῶν
1334 989 1474 1074 Ἀργείων

300 1091 333 1153 ἒν
360 1087 451 1176 τούτῳ
480 1086 668 1172 φοβούμενος
694 1083 763 1164 τοὺς
786 1089 1044 1169 Λακεδαιμονίους
1071 1090 1121 1151 καί
1145 1085 1200 1170 τὴν
1224 1095 1281 1152 τῶν
1300 1086 1472 1171 Ἀθηναίων

300 1190 465 1269 ξυμμαχίαν
491 1185 581 1250 πάλιν
607 1182 828 1269 προσαγόμενός
860 1210 888 1248 τε
920 1187 969 1249 καί
1002 1189 1130 1267 νομίζων
1161 1187 1296 1270 μέγιστον
1328 1183 1366 1250 άν
1394 1193 1472 1267 σφᾶς

303 1282 480 1366 ὠφελήσειν,
513 1287 622 1366 τειχίζει
654 1280 749 1365 μακρά
782 1289 858 1366 τείχη
891 1285 921 1359 ἒς
948 1279 1118 1364 θάλασσαν,
1151 1281 1245 1364 ὅπως,
1277 1280 1316 1366 ἡν
1342 1291 1395 1367 τής
1421 1291 1475 1368 γῆς

302 1387 464 1467 εἴργωνται,
488 1380 507 1465 ἡ
531 1380 602 1446 κατά
625 1379 780 1445 θάλασσαν
804 1385 882 1461 σφάς
903 1379 972 1462 μετά
991 1381 1050 1445 τῶν
1069 1379 1241 1464 Ἀθηναίων
1260 1380 1397 1467 ίπαγοογὴ
1416 1390 1474 1446 τῶν

300 1484 472 1563 ἐπιτηδείων
495 1479 602 1566 ὥφελὴ.
649 1485 716 1543 Non
745 1484 841 1543 solum
868 1485 946 1543 male
969 1485 1106 1560 iungitur
1128 1479 1350 1564 προσαγόμενάς
1373 1505 1402 1545 τε
1426 1481 1476 1544 καλ

299 1583 442 1661 νομίζων,
473 1602 541 1642 curn
569 1581 667 1657 opinio
697 1599 732 1640 ea
759 1601 850 1641 causa
878 1582 972 1641 socios
1000 1583 1184 1642 adsciscendi
1213 1585 1252 1642 sit
1279 1576 1367 1664 (alibi
1397 1585 1500 1664 euim·

299 1681 373 1740 talia
396 1683 449 1740 aut
472 1673 641 1750 άσυνδίτως
670 1682 724 1739 aut
747 1681 875 1755 simplici
901 1679 954 1739 καί
980 1680 1197 1759 adiunguntur,
1227 1700 1286 1758 qua
1314 1681 1350 1740 de
1378 1701 1411 1741 re
1439 1684 1475 1741 cf.

300 1778 436 1852 exempla
458 1777 490 1835 in
519 1777 584 1835 adn.
614 1777 650 1835 ad
675 1777 690 1834 I
711 1781 739 1851 1,
765 1781 780 1836 1
807 1770 924 1859 allata),
948 1779 1114 1838 sedetiam
1138 1798 1227 1855 quam
1252 1779 1414 1839 utilitatem
1437 1780 1475 1838 ab

300 1875 529 1934 Atheniensium
549 1875 692 1933 societate
711 1875 820 1950 Argivi
839 1879 1012 1952 exspectent
1035 1878 1203 1938 accuratius
1227 1880 1334 1954 postea
1357 1877 1475 1937 dicitur.

301 1972 374 2030 Cum
403 1971 497 2048 igitur
524 1992 583 2031 non
611 1972 730 2032 credam
757 1973 802 2032 ita
830 1976 922 2033 verba
944 1995 972 2034 τε
996 1971 1045 2034 καί
1069 2021 1075 2032 .
1099 2018 1106 2033 .
1136 1967 1300 2052 ὠφελήσειν
1323 1975 1478 2034 emendari

300 2089 388 2146 posse
415 2071 450 2128 ut
476 2069 513 2128 iis
542 2069 587 2130 vis
617 2071 710 2129 totius
739 2071 905 2131 sententiae
937 2075 1097 2148 augeatur,
1127 2071 1254 2132 delenda
1280 2073 1381 2149 potius
1410 2092 1476 2132 esse

301 2166 446 2227 existimo.
484 2164 571 2224 Talia
595 2167 713 2242 saepius
737 2169 890 2244 scriptoris
915 2172 1015 2231 verbis
1038 2172 1152 2230 inserta
1176 2191 1242 2231 esse
1266 2191 1301 2230 ex
1324 2171 1361 2230 iis
1381 2173 1477 2246 suspi-

302 2267 362 2326 cari
386 2265 457 2324 licet
479 2283 556 2340 quae
579 2263 611 2322 in
634 2265 755 2339 optimis
779 2267 863 2326 libris
886 2269 973 2343 139,
997 2273 1025 2329 3.
1056 2272 1175 2345 113,1.
1205 2269 1236 2326 ΙΙ
1257 2271 1307 2345 78,
1328 2273 1355 2328 1.
1386 2272 1475 2344 91,3

300 2364 488 2422 omittuntur.
535 2361 579 2420 Ac
607 2362 740 2437 profecto
770 2364 868 2423 deleto
897 2366 979 2441 turpi
1002 2367 1205 2427 additamento
1228 2367 1303 2426 nihil
1327 2372 1373 2426 est
1397 2368 1476 2443 quod

300 2462 339 2522 ad
371 2461 549 2521 sententiam
582 2460 702 2536 plenam
735 2480 769 2520 ac
800 2464 988 2540 perspicuam
1019 2466 1178 2526 desideres.
1229 2466 1329 2525 Unum
1357 2451 1478 2524 tantum

301 2559 428 2637 optativi
451 2579 519 2618 cum
542 2551 582 2616 άν
604 2559 755 2619 coniuncti
774 2563 942 2640 exemplum
962 2566 1009 2623 est
1027 2561 1054 2618 V
1075 2564 1130 2622 94:
1155 2552 1227 2623 ὥστε
1245 2555 1372 2642 ἡσυχίαν
1390 2558 1478 2642 άγον-

301 2683 351 2733 τας
374 2654 453 2740 ἡμᾶς
476 2658 582 2735 φίλους
606 2651 659 2735 μὲν
682 2650 757 2718 εἶναι
780 2653 844 2720 άντί
867 2659 1028 2738 πολεμίων,
1053 2651 1223 2739 ξυμμάχους
1246 2657 1279 2721 δὲ
1303 2658 1478 2740 μηδετέρων,

302 2752 355 2820 οὐκ
389 2751 428 2818 δν
461 2753 603 2829 δίξοισθε.
651 2756 709 2817 Sed
743 2758 849 2835 optimi
876 2760 946 2819 libri
975 2751 1030 2818 οδκ
1057 2751 1096 2818 tv
1125 2755 1260 2831 δέξαισθε
1289 2761 1414 2833 habent,
1447 2763 1478 2818 et

301 2858 402 2916 eadem
440 2874 565 2934 prorsus
603 2857 752 2917 sententia
787 2858 901 2934 legitur
937 2849 1035 2928 οὐδεὶς
1071 2848 1109 2915 δν
1146 2852 1259 2928 δέξαιτο
1292 2857 1306 2916 Ι
1342 2859 1414 2934 143,
1448 2860 1476 2916 2.

302 2955 413 3025 Quodsi
441 2953 609 3030 optativum
638 2953 731 3013 futuri
763 2973 828 3014 cum
861 2950 900 3014 ι’ίν
929 2954 1096 3031 Thucydidi
1128 2955 1316 3031 displicuisse
1349 2957 1474 3028 constat,

301 3053 409 3112 mirum
434 3053 486 3130 sit,
515 3052 539 3110 si
565 3050 712 3110 infinitivo
737 3056 768 3109 et
790 3052 947 3136 participio
970 3052 1001 3109 id
1024 3053 1134 3112 addere
1157 3053 1294 3112 voluerit.
1332 3054 1477 3114 Infinitivi

301 3155 403 3210 autem
422 3149 516 3208 futuri
536 3167 603 3208 cum
622 3141 660 3206 άν
679 3139 828 3207 coniuncti
846 3153 966 3224 praeter
989 3169 1024 3209 ea
1047 3170 1123 3227 quae
1147 3152 1215 3224 iam,
1230 3153 1394 3213 memoravi
1417 3153 1476 3210 duo

302 3249 394 3306 etiam
417 3246 553 3322 exempla
576 3247 694 3304 restant
716 3246 803 3306 valde
827 3246 948 3306 similia:
977 3247 1008 3306 ΙΙ
1033 3251 1084 3326 80,
1108 3251 1127 3308 8
1152 3249 1332 3327 νομίζοντες,
1361 3249 1387 3309 ελ
1411 3244 1478 3309 ταά-

302 3367 356 3422 την
379 3337 499 3421 πρώτην
522 3336 656 3420 λάβοιεν,
685 3342 793 3423 ῥηιδίως
821 3337 860 3404 άν
888 3345 971 3422 σφίσι
993 3334 1081 3405 τᾶλλα
1103 3341 1324 3426 προσχωρήσειν
1349 3350 1379 3407 et
1403 3347 1477 3405 VIII

304 3443 355 3515 25,
380 3443 398 3500 5
427 3440 608 3517 νομίζοντες,
636 3440 663 3499 εί
688 3436 921 3522 προσαγάγοιντο
945 3444 1096 3521 Μίλητον,
1126 3443 1236 3526 ῥαδίως
1261 3436 1299 3503 άν
1323 3443 1406 3521 σφίσι
1428 3440 1477 3502 ιιαλ

303 3526 389 3596 τᾶλλα
412 3530 641 3616 προσχωρήσειν.
679 3535 755 3607 Quid
780 3541 869 3600 scribi
892 3542 1026 3615 potuerit
1049 3541 1211 3602 ostendunt
1230 3542 1276 3600 ΙΙΙ
1297 3545 1348 3617 94,
1368 3544 1386 3601 5
1411 3536 1475 3601 τοά-

303 3658 361 3694 των
379 3629 434 3715 γάρ
453 3631 631 3713 ληφθέντων
649 3631 682 3716 (ἱ.
702 3657 726 3696 e.
746 3637 773 3696 εί
793 3639 883 3696 ταῦτα
906 3632 1051 3720 ληφθείη)
1076 3638 1185 3720 ῥαδίως
1208 3637 1259 3698 καί
1280 3627 1368 3699 τάλλα
1390 3656 1477 3717 προσ-

303 3726 446 3810 χωρήσειν
474 3736 505 3791 et
527 3733 570 3790 IV
596 3736 646 3808 69,
672 3738 687 3793 1
721 3734 901 3812 νομίζοντες,
930 3735 956 3795 εί
982 3733 1053 3815 πρίν
1082 3734 1284 3815 ἕπιβοηθὴσαί
1309 3759 1391 3808 τινας
1419 3734 1476 3808 ἐξὲ-

304 3832 392 3905 λοιεν,
415 3830 532 3889 θᾶσσον
554 3821 593 3888 dv
616 3827 665 3889 καλ
688 3820 723 3889 τά
747 3827 875 3911 Μέγαρα
897 3836 1111 3913 προσχωρῆσαι.
1159 3834 1274 3894 Acrisii
1297 3833 1477 3895 infinitivum

304 3927 464 4003 utrobique
478 3927 665 3987 inferendum
680 3946 746 3988 esse
760 3930 866 4008 iudico,
886 3951 975 4007 quem
989 3933 1087 4008 ipsum
1104 3951 1180 3992 unus
1195 3932 1286 3992 codex
1300 3932 1375 3992 VIlI
1391 3935 1440 4010 25,
1456 3935 1475 3991 5

304 4026 444 4085 servavit.
488 4026 633 4100 Exempla
655 4027 805 4102 participii
828 4047 895 4087 cum
918 4022 957 4087 άν
978 4029 1022 4088 ita
1046 4029 1157 4090 tradita
1181 4035 1251 4088 suut
1273 4033 1308 4090 ut
1331 4050 1389 4089 uno
1412 4031 1476 4089 loco

208 4196 211 4204 Ι
307 4121 349 4179 VI
375 4125 425 4200 20,
450 4125 468 4183 2
494 4116 555 4183 οὔτ’
581 4115 620 4182 dv
642 4116 696 4201 τὴν
718 4117 814 4203 άρχὴυ
836 4119 890 4205 τὴν
912 4119 1054 4207 ἡμετέραν
1078 4122 1196 4199 εἰκότως
1218 4117 1283 4187 άντ’
1308 4125 1477 4207 ἐλευθερίας

306 4216 540 4297 προσδεξομένας
567 4219 689 4296 plurimi
715 4221 796 4297 iique
824 4225 928 4300 optimi
955 4226 1038 4302 libri,
1065 4224 1211 4285 altero'V
1237 4228 1287 4302 15,
1312 4229 1330 4284 2
1360 4219 1477 4306 γνόντες

307 4318 363 4375 νῦν
387 4320 496 4396 μᾶλλον
520 4309 558 4377 άν
582 4314 791 4397 ἐνδεξομένους
816 4341 890 4382 unus
915 4318 1006 4382 codex
1030 4326 1060 4382 et
1083 4324 1187 4382 Thom
1208 4325 1285 4400 Mag.
1305 4345 1334 4399 p.
1356 4325 1428 4400 116,
1448 4325 1477 4397 5,

305 4455 518 4466 ὴ*-

379 4527 404 4593 1)
424 4524 538 4579 Codices
557 4524 658 4580 iisdem
676 4525 751 4581 notis
770 4525 870 4594 quibus
888 4527 918 4583 iu
937 4527 1059 4584 editione
1079 4527 1203 4597 Poppon.
1224 4528 1386 4598 significavi.
