3322 5138
698 382 914 446 ..23-

216 548 307 606 tertio
335 546 394 605 VII
425 550 476 624 67,
505 549 525 604 4
554 539 593 618 ώς
620 549 679 606 τῶν
706 569 739 628 γε
765 541 920 625 παρόντων
948 540 1003 607 οὐκ
1033 541 1072 608 tv
1103 543 1262 628 πράξοντες
1293 556 1390 630 χεῖρον

215 646 288 704 boni
311 646 381 704 libri
404 646 550 705 aoristum
573 646 744 722 praebeant.
782 646 943 706 Herhstius
968 646 1014 704 his
1033 646 1105 705 locis
1124 648 1328 725 Thucydidem
1354 651 1389 708 de

215 746 299 803 statu
327 744 455 820 quodam
482 745 531 803 vel
558 745 674 804 actione
701 745 888 821 permanenti
913 745 1060 820 cogitasse
1082 745 1186 805 voluit.
1233 746 1292 804 Sed
1314 748 1389 807 nihil

214 845 340 920 impedit
363 844 435 920 quin
462 843 630 918 71167,4
653 847 822 904 vertamus:
846 835 937 918 ‘quod
960 843 1056 901 maior
1079 862 1167 920 quam
1188 845 1388 921 inpraesenti

163 949 166 952 ’
214 943 371 1002 calamitas
394 941 431 1000 iis
456 940 588 1000 accidere
616 960 676 1000 non
702 935 825 1019 posset’,
854 941 881 998 V
906 942 956 1015 15,
981 944 1013 999 2:
1043 935 1174 1018 ‘cognito
1202 943 1262 1001 iam
1290 946 1387 1022 magis

214 1059 264 1098 000
294 1039 462 1115 propositas
491 1037 677 1098 condiciones
708 1043 881 1116 accepturos
910 1032 987 1098 essc'
1016 1032 1066 1122 (01.
1089 1040 1200 1100 Herod
1223 1039 1270 1098 ΙΙΙ
1300 1037 1387 1121 128),

213 1137 258 1195 VI
284 1140 334 1212 20,
359 1141 391 1196 21
421 1130 483 1197 <000
510 1156 565 1212 pro
593 1137 735 1196 libertate
763 1141 899 1198 nostrum
926 1136 1085 1213 imperium
1111 1138 1307 1212 probabiliter
1329 1160 1387 1199 non

214 1229 366 1295 subituros
386 1228 471 1296 esse’.
509 1234 550 1292 1111
568 1235 639 1310 quid
658 1236 787 1295 efficitur
804 1237 859 1296 illa
876 1235 1081 1312 explicatione,
1100 1254 1168 1294 cum
1185 1255 1223 1295 ne
1242 1239 1387 1312 scriptum

213 1332 333 1410 quidem
361 1334 406 1393 ita
433 1351 500 1393 esse
527 1333 601 1393 satis
630 1333 766 1394 constet?
813 1334 901 1393 Patet
929 1350 1018 1408 quam
1043 1331 1156 1391 nullius
1180 1335 1323 1392 momenti
1348 1337 1387 1395 sit

213 1451 321 1508 anceps
336 1432 512 1508 plerumque
527 1432 673 1491 librorum
694 1434 844 1509 scriptura
863 1434 894 1490 01
912 1432 1034 1508 propter
1052 1430 1234 1505 paucitatem
1252 1433 1385 1492 locorum

212 1549 408 1604 errorumque
418 1529 593 1588 facilitatem
603 1549 726 1606 prorsus
741 1531 840 1590 dubia.
859 1531 1010 1588 Numerus
1025 1528 1104 1588 enim
1117 1530 1245 1589 maxime
1260 1530 1384 1604 exiguus

213 1630 260 1687 est
273 1648 327 1702 pro
346 1627 539 1686 multitudine
560 1647 664 1687 eorum
678 1631 810 1689 locorum
829 1627 880 1704 qui
895 1627 974 1702 apud
986 1628 1123 1686 futurum
1137 1621 1175 1685 άν
1193 1647 1253 1686 000
1266 1629 1386 1709 habeut,

211 1745 306 1802 neque
338 1724 489 1785 invenitur
521 1725 573 1784 ubi
605 1721 644 1785 άν
676 1727 811 1786 additum
844 1727 884 1786 sit
915 1725 973 1784 nisi
1004 1724 1108 1784 formis
1140 1726 1179 1785 ad
1210 1727 1385 1788 mutandum

210 1823 374 1896 facillimis,
406 1841 576 1899 quanquam
604 1825 680 1884 alius
709 1844 825 1901 quoque
853 1823 972 1899 generis
1002 1822 1075 1881 satis
1103 1823 1216 1882 multae
1236 1825 1386 1901 leguntur

211 1919 238 1996 (Ι
262 1923 314 1998 33,
338 1924 366 1980 3.
396 1924 447 1998 39,
468 1924 496 1980 2.
525 1923 575 1995 44,
597 1926 624 1981 2.
655 1924 705 1997 70,
726 1927 753 1983 3.
782 1923 931 1999 1113,1.
961 1923 1012 1997 20,
1031 1923 1060 1979 4.
1089 1923 1141 1994 40,
1160 1924 1189 1981 4.
1217 1922 1384 2000 Ι1113,5.

212 2022 262 2091 39,
288 2021 317 2078 3.
348 2020 399 2091 46,
425 2022 452 2078 2.
485 2021 535 2095 67,
561 2023 587 2078 1.
621 2023 692 2093 115,
717 2024 745 2080 4.
779 2020 822 2078 IV
847 2022 897 2093 55,
921 2020 950 2077 4.
984 2021 1035 2094 63,
1060 2022 1087 2078 2.
1120 2021 1171 2093 67,
1196 2022 1223 2078 3.
1258 2023 1330 2100 114,
1355 2025 1383 2081 3.

210 2118 237 2174 v
263 2118 313 2193 50,
338 2118 367 2176 4.
401 2117 474 2194 105,
505 2120 531 2176 1.
568 2117 687 2196 vioe,
712 2123 740 2179 1.
775 2123 847 2197 102,
872 2121 900 2178 a.
938 2116 997 2175 vn
1023 2119 1073 2192 τι,
1098 2121 1125 2175 τ.
1163 2117 1314 2193 00154,
1340 2111 1383 2199 a).
1494 2163 1496 2167 ,

209 2215 276 2273 Non
304 2216 399 2291 magis
427 2217 529 2275 autem
557 2235 647 2292 quam
674 2218 755 2294 apud
778 2215 982 2292 Thucydidem
1009 2217 1088 2290 apud
1112 2217 1242 2292 reliquos
1266 2217 1382 2278 Atticos

210 2313 371 2388 scriptores
390 2307 428 2372 άν
447 2313 525 2388 apud
545 2315 684 2374 futurum
702 2315 892 2376 tolerandum
911 2316 965 2388 est,
984 2333 1050 2372 cum
1070 2315 1272 2374 consentiente
1291 2315 1381 2374 libro·

209 2430 275 2469 rum
304 2411 447 2470 memoria
473 2413 663 2487 paucissimis
690 2433 745 2490 pro
772 2412 955 2487 reliquorum
985 2431 1109 2470 numero
1136 2412 1208 2472 locis
1237 2413 1382 2474 traditum

209 2508 249 2568 sit
272 2512 303 2568 01
327 2510 377 2585 qui
400 2510 481 2569 facili
504 2511 669 2571 mutatione
694 2512 802 2588 corrigi
826 2513 945 2586 queant.
953 2503 978 2590 ¹)
1023 2510 1129 2586 Itaque
1153 2511 1191 2570 ad
1211 2511 1382 2572 Atticorum

210 2648 422 2658 ——m

282 2717 306 2782 1)
336 2715 412 2782 Quae
438 2717 630 2771 consentiente
655 2717 791 2772 librorum
819 2716 987 2770 auctoritate
1020 2716 1095 2785 apud
1123 2715 1243 2786 reliquos
1270 2716 1380 2772 Atticos

207 2795 357 2865 scriptores
376 2795 481 2850 tradita
501 2798 566 2850 sunt
584 2796 671 2850 futuri
690 2791 809 2851 cumdio
828 2795 958 2864 exempla
971 2796 1042 2849 haec
1057 2798 1133 2850 sunt:
1154 2795 1302 2850 indicativi
1315 2797 1382 2850 Eur.¹

207 2875 267 2944 lph.
288 2874 319 2928 T.
339 2880 391 2930 895
409 2877 450 2937 τίς
468 2868 505 2929 άν
524 2867 576 2930 οὖν
595 2871 662 2930 τάδ’
683 2873 720 2930 άν
740 2917 746 2928 .
767 2918 773 2930 .
793 2917 799 2930 .
819 2882 912 2944 φανεῖ
926 2877 1068 2944 (corrupta
1086 2876 1151 2928 0001
1171 2875 1263 2944 prima
1281 2877 1380 2944 verba3

206 2957 248 3017 τίς
271 2950 319 3023 ἄρ’
344 2946 408 3026 οὖν,
437 2951 524 3010 τάλαν
547 2956 681 3024 Nauck),
709 2956 751 3012 El.
776 2961 828 3010 484
859 2955 1021 3025 πέμψουσιν
1051 2951 1203 3010 θανάτοισι
1230 2949 1285 3009 κάν
1310 2999 1316 3010 .
1341 2997 1347 3010 .
1374 2999 1379 3010 .

207 3030 316 3104 ὄψομαι
336 3033 497 3105 (θανάτοις’
517 3029 535 3106 ή
554 3033 611 3106 μὰν
629 3035 760 3104 Nauck),
781 3038 853 3092 Plat.
873 3037 908 3090 de
922 3034 990 3104 Rep.
1012 3036 1093 3088 clod
1112 3030 1163 3104 οὐχ
1182 3030 1258 3103 ήκει,
1278 3031 1379 3104 φάναι,

207 3111 271 3170 οὐδ’
295 3109 333 3168 dv
355 3109 418 3184 ήξει
442 3111 516 3187 (οὐδ’
542 3107 579 3171 αὖ
601 3111 664 3184 ήξει
686 3117 779 3170 Madv.
802 3117 872 3172 Adv.
897 3116 957 3170 crit.
976 3115 989 3168 I
1012 3134 1038 3185 p.
1058 3115 1136 3184 435),
1159 3115 1281 3185 Euthyd.
1301 3121 1379 3171 2740

206 3191 330 3250 κάλλιστ’
351 3191 388 3250 άν
410 3195 583 3266 προτρέψετε
603 3196 802 3268 (προτρέψαιτε
822 3196 948 3266 Aldina),
973 3196 1067 3266 Symp.
1086 3201 1165 3250 2220
1186 3193 1380 3266 διοιγομένονς

207 3275 237 3331 di
259 3273 328 3332 ἰδών
347 3271 384 3331 άν
403 3297 444 3339 τις
463 3318 469 3330 .
490 3320 496 3331 .
517 3319 523 3332 .
543 3273 658 3345 εὑρήσει
677 3267 785 3345 (αὖτις
804 3317 810 3328 .
832 3317 838 3330 .
859 3317 864 3328 .
885 3271 996 3345 ἑώρήσει
1016 3275 1124 3345 Beth),
1145 3278 1227 3331 [socr.
1247 3275 1325 3330 XVII
1345 3283 1378 3332 58

206 3351 273 3411 ὥστ’
303 3354 355 3411 oda
383 3351 419 3412 liv
449 3353 564 3419 εἰκότως
591 3357 656 3426 περὶ
684 3353 779 3425 ὀλίγον
810 3352 965 3425 ποιήσεσθε
999 3352 1179 3425 (ποιήσαισθε
1209 3357 1242 3410 Η.
1272 3358 1378 3426 walt),

205 3435 336 3491 Dinarch.
366 3437 377 3490 1
405 3443 439 3492 68
468 3438 497 3490 τί
525 3435 557 3491 ct
591 3432 628 3490 άν
662 3437 720 3506 (dccl
751 3431 787 3491 άν
816 3437 913 3506 Oxou.)
938 3467 971 3476 -
995 3437 1121 3506 τιθῶμεν
1146 3433 1201 3506 γάρ
1228 3440 1318 3492 ταῦτα
1344 3471 1377 3480 -

206 3513 258 3571 εὀλν
279 3559 284 3570 .
305 3559 310 3570 .
332 3559 337 3570 .
356 3511 463 3588 άπαιτή
484 3560 490 3572 ,
511 3559 517 3570 .
538 3512 736 3585 ,Ἀλέξανδρος
754 3513 785 3572 τὸ
805 3518 919 3587 χρυσίον
939 3560 943 3571 .
965 3560 971 3571 .
992 3559 1012 3584 .,
1035 3518 1065 3570 τί
1082 3512 1201 3585 ἐροῦμεν
1221 3512 1304 3586 (τίδ’
1326 3514 1378 3573 ε’άν
1461 3557 1466 3570 .

205 3595 416 3662 0001000001),
435 3597 448 3649 1
466 3603 516 3653 109
534 3592 604 3651 πολὺ
624 3593 678 3667 γάρ
697 3591 733 3651 dv
753 3594 931 3667 decuriasque
951 3592 1077 3665 ἐλεήσετε
1098 3593 1252 3666 (ἐλεήσαιτε
1273 3598 1377 3666 Deba).

205 3677 247 3729 De
267 3677 390 3745 quinque
410 3677 529 3746 optativi
548 3678 599 3734 fut.
619 3696 682 3731 00111
700 3673 738 3731 ἄν
756 3678 897 3734 coniuncti
920 3677 1055 3748 exemplis
1079 3678 1175 3748 (Arist.
1194 3679 1278 3746 Vesp.
1300 3683 1376 3732 1097.

204 3757 276 3811 Ρ101.
302 3757 387 3826 Legg.
413 3764 499 3812 7190.
528 3757 590 3826 Lys.
614 3759 627 3810 Ι
650 3765 693 3813 22.
720 3759 784 3827 Lyc.
810 3766 852 3813 14.
877 3761 920 3824 15)
948 3759 991 3812 110
1013 3756 1085 3811 dixit
1106 3755 1297 3811 Fassbaender
1320 3755 1375 3811 1.1.

204 3855 231 3905 p.
252 3841 287 3890 55
297 3854 356 3904 sqq.
381 3838 414 3891 ut
435 3837 507 3892 nihil
529 3838 688 3892 addendum
708 3839 751 3892 sit.
788 3837 923 3893 Infinitivi
941 3840 1011 3892 haec
1034 3838 1185 3892 habentur:
1213 3834 1296 3905 Soph.
1317 3835 1375 3892 00.

206 3922 275 3972 1077
295 3912 332 3978 ὡς
350 3918 513 3986 προμνᾶταί
528 3938 554 3972 τι
573 3935 621 3988 μοι
640 3914 736 3987 γνώμα
754 3915 818 3988 τάχ’
839 3913 875 3973 dcv
894 3915 995 3973 δώσειν
1017 3913 1092 3986 (τάχ’
1113 3912 1248 3970 ἐνδώσειν
1268 3916 1376 3986 schot),

204 3996 268 4050 Eur.
284 3995 345 4051 Hel.
361 4002 413 4050 448
428 3993 545 4065 πικροὺς
559 3991 596 4051 dv
614 3993 672 4067 (ἄρ’
688 3997 794 4068 Herm.)
808 3995 889 4068 οἶμαί
904 3994 932 4068 p'
948 3994 1079 4067 άγγελεῖν
1098 3996 1163 4058 τοὺς
1182 3991 1249 4057 σούς
1267 3991 1376 4065 λόγους,

204 4075 319 4145 Antiph.
343 4075 382 4131 Vl
405 4082 422 4130 4
447 4073 564 4143 ἐλπίζων
588 4071 676 4139 οὕτως
699 4071 735 4131 tv
758 4073 858 4146 άριστα
884 4075 1003 4146 πράξειν
1030 4077 1146 4148 (πρᾶξαι
1169 4077 1278 4146 Deba),
1305 4075 1374 4133 Xen.

203 4157 276 4211 Hist.
297 4157 342 4210 Gr.
360 4155 488 4224 1112,12
508 4150 596 4219 οὕτως
615 4151 650 4210 dv
670 4154 781 4225 ἔφασαν
800 4155 916 4228 τάχιοτα
934 4158 1058 4226 νομίζειν
1078 4151 1166 4210 αὐτὸν
1185 4153 1375 4226 συγχωρήσειν

203 4237 392 4306 (συγχωρήσαι
413 4238 516 4305 Deba),
536 4237 587 4306 Ag.
604 4243 628 4301 7,
645 4245 658 4292 7
680 4233 709 4302 ἐξ
728 4228 762 4306 ής
780 4233 817 4293 bv
831 4237 933 4310 ἡγῆται
952 4233 1061 4308 μάλιστ’
1082 4231 1119 4292 dv
1138 4233 1265 4306 (μάλιστα
1281 4237 1376 4310 Dind.)

202 4312 277 4386 ἡμᾶς
287 4312 415 4385 ἀλλήλοις
425 4313 604 4387 πολεμήσειν,
616 4319 683 4371 lsae.
692 4317 717 4371 V
727 4325 761 4372 23
771 4314 925 4390 ἡγούμενοι
934 4315 987 4389 γάρ
997 4314 1050 4373 οὖν
1061 4313 1097 4372 άν
1108 4313 1197 4373 αὐτὸν
1208 4315 1373 4390 βεβαιώσειν

204 4399 370 4472 (βεβαιῶσαι
383 4397 497 4467 Nabar),
512 4397 656 4452 Demosth.
672 4398 762 4453 XXlV
778 4405 828 4454 115
843 4400 940 4455 πολλοὶ
953 4397 1007 4467 γὰρ
1022 4391 1059 4453 tv
1073 4393 1149 4470 αὐτῷ
1166 4394 1285 4454 ε’δόκοτιν
1300 4394 1373 4455 οὕτω

202 4474 231 4548 γ’
253 4476 282 4533 οἰ
298 4477 416 4534 κλέπται
435 4476 553 4534 ἔσεσθαι
576 4478 736 4549 (delendum
760 4483 803 4537 est
822 4475 860 4534 ἄν
879 4497 913 4535 ex
930 4476 1090 4545 insequenti
1107 4473 1184 4551 αὐτῷ
1203 4481 1372 4550 repetitum).
