3322 5138
770 369 983 433 „28-

290 539 320 594 in
350 535 441 595 'l'huc
471 527 545 616 (ind.
573 538 640 597 lect.
668 537 793 596 Vratisl.
822 555 848 595 a.
880 528 1034 614 leram)
1063 555 1089 609 p.
1120 536 1153 609 3,
1186 535 1290 610 postea
1318 534 1349 591 in
1378 533 1465 591 Anal.

291 636 355 694 crit.
380 637 412 693 et
433 655 526 710 gram.
556 628 630 717 (ind.
655 637 719 697 leot.
744 635 868 694 Vratisl.
892 651 918 692 a.
945 624 1099 712 1877ίῖ8)
1128 653 1155 708 p.
1182 635 1218 690 ll
1233 651 1310 708 sqq,
1337 631 1466 690 maxime

291 736 470 807 commotus,
501 739 534 794 ut
559 734 693 811 videtur,
721 733 811 792 simili
841 731 919 807 quod
947 730 975 788 ei
998 728 1129 790 innotuit
1153 730 1287 805 exemplo
1310 728 1465 790 Platonico

293 831 369 891 Phil.
402 833 480 892 osb
512 825 548 892 od
580 881 585 893 .
618 879 624 892 .
656 879 663 891 .
695 833 779 892 τοῦτο
812 827 901 908 ἔγωγε
933 821 1055 904 ἐζήτουν
1086 849 1147 902 πω,
1181 825 1224 898 τίς
1255 823 1340 905 τέχνη
1372 819 1391 905 ἢ
1424 827 1466 900 τίς

291 922 431 1007 ἐπιστήμη
455 931 558 990 πασῶν
582 926 715 1008 διαφέρει
737 931 776 1013 τῷ
809 925 927 1006 μεγίστη
960 923 1008 984 καλ
1040 918 1140 1003 αἰρίστη
1169 922 1219 984 καί
1246 925 1364 985 πλεῖστα
1387 920 1464 1004 ὠφε-

291 1029 382 1087 λοῦσα
409 1020 501 1106 ἡμᾶς,
538 1027 718 1087 sententiam
747 1026 932 1102 aliquantum
961 1025 1103 1100 mutavIt,
1137 1023 1344 1100 Thucydidem,
1368 1025 1465 1084 tribus

291 1126 363 1185 locis
382 1126 425 1183 IV
445 1128 496 1205 63,
519 1130 546 1185 l.
571 1126 613 1184 VI
636 1130 662 1200 1,
683 1129 710 1184 2.
737 1124 811 1182 VIII
834 1125 905 1196 105,
927 1125 944 1180 2
970 1143 988 1181 a
1011 1122 1148 1198 legitima
1171 1122 1286 1182 dicendi
1309 1127 1465 1183 consuetu·

291 1222 359 1283 dine
383 1224 542 1284 descivisse
567 1223 624 1283 sibi
648 1222 844 1300 persuadeam
875 1220 926 1280 sed
951 1220 980 1278 id
1004 1219 1103 1280 missis
1129 1221 1348 1297 interpretandi
1373 1205 1466 1280 artifi-

292 1321 343 1380 ciis
367 1320 410 1380 ita
433 1321 490 1381 sibi
513 1321 660 1398 explicare
680 1320 762 1380 visus
783 1322 830 1378 est
849 1322 892 1394 ul,
916 1311 1055 1394 quonium
1075 1319 1235 1393 participia
1254 1337 1320 1378 cum
1339 1319 1466 1380 articulo

290 1413 324 1478 τό
348 1421 506 1478 coniuncta
530 1440 583 1494 pro
607 1417 806 1479 substantivis
830 1415 1001 1476 verbalibus
1022 1415 1144 1476 Graecis
1167 1417 1305 1484 luissent,
1329 1418 1413 1476 velut
1435 1411 1466 1477 τὸ

292 1514 346 1596 μὲν
373 1510 471 1588 δεδιὸς
500 1561 507 1575 .
531 1564 537 1576 .
562 1563 569 1577 .
599 1510 630 1576 τὸ
660 1512 692 1574 δὲ
719 1515 856 1591 θαρσοῦν
884 1513 898 1570 Ι
928 1515 978 1588 36,
1009 1516 1037 1588 1,
1064 1506 1095 1575 τὸ
1125 1510 1267 1591 μέλλονΙ
1296 1516 1346 1588 84,
1378 1518 1404 1588 1,
1434 1505 1465 1574 τὸ

291 1609 475 1694 βουλόμενον
502 1615 516 1672 Ι
547 1618 601 1690 90,
627 1618 655 1690 2,
684 1615 723 1697 τῷ
749 1608 901 1693 τιμωμένῳ
930 1611 959 1668 ΙΙ
989 1613 1040 1688 63,
1070 1614 1098 1684 1,
1131 1633 1162 1670 το
1195 1604 1233 1689 μὴ
1262 1605 1334 1670 κατά
1362 1607 1468 1690 κράτος

291 1709 417 1790 νικηθὲν
441 1713 471 1770 II
496 1714 547 1788 87,
571 1715 590 1771 3
621 1731 755 1788 quaeque
784 1712 854 1769 sunt
882 1710 1005 1787 similia,
1033 1710 1072 1769 ab
1096 1710 1142 1768 his
1166 1710 1309 1784 exemplis
1333 1711 1385 1770 illa
1408 1731 1467 1772 non

293 1812 413 1869 differre
427 1810 539 1869 diceret
555 1810 613 1870 nisi
633 1810 712 1885 quod
729 1806 887 1884 participia
905 1807 1037 1866 neutrali
1055 1807 1151 1867 forma
1169 1811 1259 1867 exuta
1277 1810 1467 1871 attractionis

289 1899 421 1985 'quodam
453 1927 563 1985 genere
596 1907 852 1968 substantivorum
886 1925 1009 1966 suorum
1042 1925 1137 1982 genus
1176 1925 1333 1966 numerum
1365 1929 1466 1968 casum

293 2011 497 2084 sequerentur.
553 2005 669 2065 Similia
703 2005 742 2065 ad
773 2007 849 2064 hano
882 2007 1065 2065 structuram
1097 2002 1142 2061 IV
1176 2007 1225 2078 63,
1252 2008 1279 2063 1.
1319 2005 1345 2062 V
1377 2009 1404 2080 7,
1438 2011 1467 2066 2.

293 2106 367 2164 VIII
392 2107 464 2180 105,
485 2107 503 2164 2
529 2104 745 2164 defendendam
769 2103 1003 2164 comminiscitur
1026 2101 1186 2162 Classenus
1210 2103 1242 2161 in
1264 2104 1283 2162 l.
1305 2103 1349 2162 IV
1372 2105 1417 2166 ed.
1436 2106 1467 2164 II

293 2225 321 2280 p.
347 2206 409 2264 228
423 2223 484 2280 sqq.
521 2203 579 2262 Sed
603 2201 676 2261 alibi
700 2203 760 2260 ubi'
775 2203 848 2261 talia
871 2202 1030 2277 partieipia
1052 2220 1118 2260 cum
1143 2201 1344 2261 substantivis
1364 2203 1468 2263 iuncta

294 2302 485 2380 Thucydides
513 2303 605 2362 habet
627 2302 853 2378 grammaticam
882 2301 1028 2359 rationem
1058 2318 1181 2360 servans
1210 2302 1263 2359 aut
1293 2319 1352 2360 non
1384 2303 1468 2377 ponit

293 2400 451 2458 articulum
481 2401 535 2456 aut
561 2398 675 2472 pariter
702 2400 793 2475 atque
821 2399 1012 2474 parIIcipium
1040 2398 1078 2456 ad
1108 2398 1329 2458 substantivum
1354 2418 1465 2458 accom-

294 2497 404 2555 modat.
450 2495 494 2556 cf.
525 2497 603 2555 enim
631 2499 751 2572 praeter
774 2497 804 2555 Il
829 2499 879 2571 49,
904 2500 923 2555 4
952 2489 1020 2574 μετά
1048 2497 1138 2555 ταῦτα
1165 2490 1344 2573 λωφήσαντα
1372 2501 1402 2556 et
1424 2497 1467 2555 VI

295 2598 323 2671 3,
345 2598 363 2654 3
388 2587 458 2672 μετὰ
477 2587 673 2672 Συρακούσας
697 2594 876 2668 οίιιισθείσας
895 2595 908 2653 Ι
930 2598 981 2669 23,
1004 2598 1021 2654 6
1046 2587 1114 2666 τοὺς
1135 2587 1317 2672 Ἀθηναίους
1339 2587 1468 2674 ἡγοῦμαι

295 2686 439 2774 μεγάλους
461 2689 663 2773 ,γιγνομένους
694 2690 744 2753 καί
780 2687 879 2773 φόβον
915 2689 1093 2771 παρέχοντας
1129 2697 1189 2763 τοὶς
1219 2692 1468 2770 Λακεδαιμονίοις

294 2783 459 2872 ἀναγκάσαι
488 2789 517 2864 ἐς
544 2784 575 2852 τὸ
598 2795 750 2869 πολεμεῖν,
778 2792 823 2850 lII
848 2796 899 2866 36,
923 2795 941 2851 2
966 2783 1215 2868 προσξυνεβάλετο
1239 2783 1294 2850 οὐκ
1317 2784 1466 2869 ἐλάχιστον

293 2893 344 2968 τῆς
367 2883 459 2968 ὁρμῆς
479 2889 512 2948 αί
528 2889 779 2967 Πελοποννησίων
802 2892 871 2967 νῆες
895 2888 924 2962 ές
949 2887 1059 2948 Ιωνίαν
1082 2885 1204 2961 ἐκείνοις
1227 2886 1338 2967 βοηθοὶ
1360 2880 1466 2966 τολμή-

294 3006 380 3048 σασαι
402 2987 691 3067 παρακτνδυνεῦσαι,
720 2989 771 3060 53,
797 2991 815 3046 3
840 2980 856 3046 ὅ
885 2971 924 3066 μὴ
954 2984 1057 3067 ῥηθεὶς
1079 2980 1165 3066 λόγος
1188 2990 1248 3058 τοῖς
1271 2975 1324 3046 ὧδ’
1349 2985 1468 3065 ἔχουσιν

294 3087 389 3147 αἰτίαν
412 3079 451 3145 dv
474 3079 629 3162 παράσχοι,
652 3085 696 3141 IV
719 3088 769 3161 26,
790 3086 807 3144 5
832 3084 927 3146 αἴτιον
950 3081 982 3146 δὲ
1006 3073 1045 3164 ἦν
1068 3084 1099 3144 οί
1115 3078 1349 3162 Λακεδαιμόνιοι
1371 3107 1467 3164 προει-

293 3180 407 3259 πόντες,
433 3186 483 3259 29,
507 3185 524 3241 3
549 3178 653 3270 ῥώμην
675 3179 723 3241 καὶ
747 3175 765 3261 ἡ
790 3185 880 3261 νῆσος
903 3182 1105 3265 έμπρησθεῖσα
1127 3179 1260 3263 παρέσχε,
1283 3180 1336 3259 47,
1356 3187 1374 3242 2
1399 3178 1467 3257 τοὺς

293 3277 406 3361 ἄνδρας
434 3326 440 3339 .
465 3325 472 3338 .
497 3324 503 3338 .
531 3272 582 3338 ὑπ’
613 3273 710 3338 άλλωυ
741 3278 936 3360 κομισθέντας
965 3328 970 3341 .
996 3327 1002 3339 .
1027 3328 1033 3340 .
1065 3275 1119 3360 τὴν
1151 3274 1238 3358 τιμὴν
1270 3285 1330 3354 τοῖς
1361 3277 1467 3363 άγουσι

294 3380 507 3456 προσποιῆσαι,
540 3377 583 3435 VI
612 3379 663 3453 80,
693 3381 711 3436 2
745 3378 771 3438 εί
796 3373 853 3458 γάρ
882 3372 920 3438 δι’
951 3373 1027 3457 ὑμᾶς
1054 3373 1093 3458 μὴ
1123 3371 1367 3457 ξυμμαχήσανιας
1395 3374 1413 3440 ὅ
1439 3405 1467 3441 τε

294 3468 404 3535 παθὼν
437 3468 615 3553 σφαλησετατ
646 3473 694 3534 παλ
726 3467 742 3534 δ
769 3477 884 3553 κρατῶν
912 3473 1070 3556 περιέσται,
1103 3477 1179 3536 VIII
1209 3481 1236 3555 9,
1265 3480 1284 3536 3
1308 3477 1407 3538 Ιαἴτιον
1434 3473 1465 3538 δ’

294 3570 405 3654 ἐγένετο
429 3620 436 3634 .
460 3618 467 3632 .
492 3618 499 3633 .
528 3573 559 3634 ολ
584 3570 638 3651 μὲν
664 3572 767 3634 πολλοὶ
794 3576 853 3633 τῶν
881 3575 965 3635 Χίων
992 3569 1047 3637 oda
1075 3571 1181 3648 εἰδότες
1208 3569 1242 3634 τά
1269 3570 1467 3654 πρασσόμενα,

295 3673 456 3732 secundum
490 3691 616 3749 quorum
649 3673 852 3748 exemplorum
884 3674 1109 3733 similitudinem
1139 3674 1182 3731 IV
1212 3676 1267 3747 63,
1303 3676 1318 3732 1
1354 3667 1403 3733 διδ
1435 3669 1467 3736 τὸ
1551 3703 1558 3716 ·

294 3765 472 3851 ἀτέκμαρτον
500 3767 566 3843 δέος
593 3769 642 3830 καὶ
670 3765 719 3830 διδ
749 3765 823 3843 τούς
842 3764 1024 3849 Ἀθηναίους
1051 3765 1110 3848 ἤδη
1142 3763 1290 3849 φοβεροὺς
1321 3765 1468 3849 παρόντας

295 3871 425 3929 scribere
448 3871 570 3946 licebat,
595 3889 662 3930 cum
685 3868 712 3925 V
737 3873 764 3946 7,
790 3871 817 3928 2.
848 3869 923 3927 VIII
949 3871 1021 3943 105,
1045 3872 1063 3927 2
1089 3863 1138 3928 διὰ
1162 3863 1193 3929 τό
1217 3869 1254 3927 ad
1277 3870 1467 3945 portloipium

295 3969 413 4026 causale
441 3967 577 4026 additum
603 3987 726 4042 prorsus
755 3987 1009 4043 supervacaneum
1036 3970 1116 4026 assat
1140 3970 1170 4026 et
1193 3970 1297 4026 contra
1319 3967 1467 4043 reliquum

295 4066 358 4124 eius
381 4065 533 4141 participii
556 4084 651 4124 usum.
698 4064 756 4125 Sed
779 4067 850 4125 licet
872 4085 890 4125 a
912 4068 1055 4126 consuetu
1078 4065 1194 4124 dicendi
1223 4084 1328 4124 norma
1350 4067 1393 4124 ita
1417 4067 1466 4124 de·

294 4162 381 4222 ficere
405 4163 502 4238 ipsum
526 4182 586 4222 non
610 4163 740 4222 alianum
763 4165 855 4224 suerii
878 4185 896 4224 a
919 4164 1025 4236 Graeci
1048 4163 1193 4224 sermonis
1222 4163 1333 4238 indole,
1362 4166 1396 4222 ut
1421 4164 1468 4223 via

295 4278 329 4318 ac
360 4260 476 4320 ratione
507 4261 700 4336 procedatur,
733 4261 908 4338 priusquam
939 4262 1065 4322 alieuius
1100 4262 1288 4321 enormiIatis
1321 4263 1465 4322 rationem

293 4356 484 4435 indagemus,
513 4363 601 4418 antea
628 4359 788 4420 videndum
817 4364 863 4420 est
890 4364 991 4420 utrum
1019 4362 1091 4419 haec
1119 4377 1225 4417 revera
1254 4360 1404 4419 exstiterit
1430 4378 1467 4418 an

296 4475 372 4532 quae
395 4458 459 4515 eius
484 4459 621 4534 exempla
644 4477 709 4518 esse
733 4458 872 4518 videntur
896 4458 933 4517 ad
957 4475 1143 4517 communem
1171 4451 1288 4514 dicendi
1312 4460 1468 4517 consuet-
