3322 5138
781 399 1030 480 -50-.

393 567 446 626 Th.
472 559 527 638 ξόν
555 566 665 626 dixisse
687 565 774 626 testis
799 567 845 626 est
868 567 958 627 Marc.
983 568 1035 638 52,
1063 567 1093 624 in
1118 585 1210 642 eoque
1234 567 1317 627 codd.
1340 567 1385 626 ita
1407 586 1476 628 con-

303 665 439 725 sentiunt
460 667 497 722 ut
519 681 570 724 aex
593 665 711 724 lantum
734 663 808 723 locis
830 657 1003 744 (σύνδεσμοι
1027 664 1058 723 ll
1084 667 1156 740 102,
1175 667 1206 740 4,
1229 668 1410 744 σνλλεχεῑσαι
1433 664 1475 723 IV

305 765 354 838 26,
380 765 409 838 3,
437 763 565 840 συνεχῶς
588 760 631 819 IV
655 763 708 837 43,
732 763 761 837 6,
789 751 993 820 σνστιισιόσιον
1015 760 1058 820 IV
1082 763 1134 835 86,
1158 764 1187 836 4,
1213 758 1426 840 συστραφέντες
1448 760 1475 816 V

305 862 355 936 10,
379 862 407 933 9,
436 853 573 920 συνόδων
595 859 623 916 V
650 863 699 936 17,
724 849 758 939 2)
788 877 890 918 omnes
918 859 1045 917 alteram
1067 851 1199 934 {sormam
1222 859 1395 935 praebcant
1440 858 1476 916 In

301 958 399 1016 tilulis
418 957 526 1018 Atticis
546 975 639 1034 usque
658 956 697 1016 ad
711 974 737 1017 a.
753 958 818 1014 410
837 975 863 1014 a
879 953 932 1014 Ch.
950 955 1106 1030 praevalet
1124 947 1179 1027 ξόν
1198 947 1366 1038 (Μείελοε6,
1386 953 1407 1030 ξ
1424 959 1475 1028 49,

304 1047 374 1134 11),
397 1058 501 1132 podiae
526 1055 652 1116 scaenici
675 1055 802 1130 unaque
825 1054 1079 1112 fermententur.

391 1153 553 1231 Phryniehi
582 1172 608 1228 p.
641 1154 681 1210 14
709 1153 902 1227 praeceptum
929 1145 1010 1228 μέχρι
1039 1145 1071 1210 dl
1100 1149 1150 1212 nol
1176 1146 1243 1231 όχρι
1271 1147 1334 1230 λὲχε
1361 1154 1392 1210 et
1421 1151 1476 1214 Th.

301 1249 371 1308 libri
398 1249 588 1326 confirmant,
621 1250 652 1308 in
680 1249 787 1324 quibus
813 1249 967 1308 rarissime
994 1244 1091 1328 μέχρις
1118 1253 1179 1327 est,
1207 1252 1239 1310 et
1271 1249 1354 1310 tituli
1381 1250 1476 1308 Attici

302 1339 353 1428 (ef.
372 1348 529 1408 Meisterh.
553 1347 573 1420 ξ
593 1348 645 1422 49,
670 1337 713 1426 3).

390 1446 426 1504 In
451 1439 548 1524 μόλις,
576 1445 654 1522 quod
682 1447 800 1504 veteres
829 1444 946 1506 Atticos
973 1444 1154 1520 praetulisse
1182 1444 1256 1504 satia
1284 1448 1400 1504 certum
1430 1449 1476 1505 est

302 1535 352 1624 (cl.
377 1542 464 1602 Dind.
493 1544 550 1602 lex.
573 1539 715 1616 Aeschyl.
743 1559 766 1600 s.
796 1560 824 1602 v.
850 1532 962 1622 μόγις),
990 1541 1034 1602 ito
1057 1541 1249 1603 consentiunt
1271 1541 1326 1600 Th.
1348 1541 1420 1602 libri
1443 1545 1476 1602 ut

298 1642 330 1698 in
353 1641 476 1699 dimidia
499 1641 561 1698 fere
586 1640 720 1699 locorum
742 1643 830 1714 parte
853 1633 936 1714 μόλις
953 1640 985 1699 in
1003 1640 1142 1700 omnibus
1161 1639 1254 1715 cedd,
1276 1657 1427 1718 nusquam
1445 1641 1475 1699 in

301 1737 438 1796 omnibus
461 1731 547 1817 μόγις
571 1755 636 1798 esse
658 1737 805 1798 videatur.

263 1845 270 1856 '
389 1832 475 1904 Quod
498 1833 627 1894 Meinek.
651 1835 689 1894 ad
712 1833 815 1910 steph.
835 1835 905 1910 Bya.
929 1853 951 1894 e.
977 1855 1002 1894 v.
1022 1827 1201 1913 Ἀρκόνησος
1224 1835 1311 1896 docel
1333 1836 1365 1894 in
1384 1837 1475 1896 Πελο-

299 1924 449 2008 πόννησος
467 1924 681 2009 Προκόννησος
701 1936 732 1992 et
751 1934 775 1992 si
795 1950 871 2008 quae
890 1933 950 1991 alia
968 1950 1035 1992 cum
1058 1933 1228 1992 nominibus
1252 1933 1361 1992 tertiae
1385 1934 1474 1994 decli·

298 2028 428 2089 nationis
457 2030 622 2106 composita
650 2030 710 2088 sint
738 2029 849 2106 duplex
876 2051 894 2088 ν
921 2049 999 2104 οεεο,
1031 2031 1170 2106 simplex,
1202 2030 1229 2090 si
1261 2049 1328 2090 cum
1358 2031 1475 2090 nomine

299 2125 445 2186 secundae
473 2125 694 2201 declinationis,
721 2127 752 2186 id
779 2128 868 2203 plane
897 2127 1073 2187 confirmant
1099 2126 1308 2204 inscriptiones
1337 2120 1388 2208 (ef.
1416 2128 1475 2188 ind.

299 2223 367 2283 OIA
386 2225 401 2282 l
420 2245 442 2285 s.
461 2245 489 2284 v.
511 2219 749 2304 Πελοποννήσιοι
773 2218 995 2302 Προκοννήσιοι
1018 2217 1214 2303 Χερρονήσιοι
1238 2217 1474 2306 Χερρονησῖτνι).

299 2324 388 2398 Apud
421 2323 475 2383 Th.
508 2323 540 2381 in
573 2321 654 2383 Cass,
688 2327 719 2382 et
751 2322 950 2382 deterioribus
984 2321 1069 2382 libris
1102 2323 1221 2399 saepius
1255 2316 1475 2401 Πελοπονήσιοι

301 2413 511 2497 Πελοπόνησος
534 2422 565 2479 et
587 2420 633 2479 III
658 2422 709 2496 32,
735 2423 750 2478 1
777 2419 808 2478 in
831 2419 983 2494 pleneque
1007 2413 1173 2502 Μνονήσῳ.

312 2548 313 2553 1
387 2517 541 2576 Nonnulla
565 2517 639 2576 vitia
662 2520 728 2576 orte
752 2520 821 2576 sunt
844 2535 880 2575 ex
902 2518 1073 2578 litterarum
1096 2518 1298 2594 geminatione
1321 2517 1400 2578 salso
1424 2521 1476 2578 aut

298 2613 386 2673 illata
408 2616 462 2672 aut
484 2613 602 2674 omissa.
641 2613 689 2673 Sic
711 2615 727 2672 I
752 2617 839 2688 15,1
864 2608 1041 2694 προσχόντες
1063 2634 1117 2690 pro
1140 2609 1336 2694 προσσχόντες
1359 2616 1391 2674 in
1414 2635 1474 2676 om·

299 2711 388 2771 nibus
417 2710 501 2772 cedd.
529 2716 649 2788 praeter
672 2713 709 2774 It.
739 2717 769 2773 et
793 2713 870 2790 Pal,
899 2713 949 2790 qui
976 2709 1164 2792 προσέχοντες
1187 2714 1311 2790 habent,
1342 2713 1475 2789 itemque

298 2810 346 2868 III
370 2812 422 2883 32,
448 2814 463 2869 1
494 2811 526 2869 in
553 2809 655 2886 paucis
678 2805 815 2890 προσχιόν
838 2829 892 2885 pro
916 2804 1086 2888 προσσχόν;
1114 2811 1142 2867 V
1168 2814 1217 2887 71,
1243 2815 1258 2870 1
1284 2810 1315 2870 in
1339 2811 1475 2870 omnibus

298 2907 361 2966 fere
381 2899 474 2983 (Olor.
493 2906 568 2967 Ven.
587 2903 789 2986 περιστέλλειν,
813 2907 876 2966 Pal.
896 2899 974 2985 πρὸσ
991 2903 1106 2967 πέλλειν
1127 2909 1240 2968 factum
1264 2927 1299 2966 ex
1323 2902 1475 2986 προσστέλ-

298 2995 373 3084 λειν)
397 2999 582 3080 προστέλλειν
603 3024 658 3080 pro
682 3000 893 3082 προσστέλλειν,
917 3004 996 3081 quod
1014 3005 1093 3064 idem
1112 3006 1273 3081 legendum
1293 3005 1372 3081 apud
1393 3004 1474 3064 Cass.

300 3101 385 3162 Dion.
409 3102 461 3160 XL
482 3103 533 3178 23,
553 3103 583 3176 3,
606 3103 657 3177 qui
681 3102 759 3161 hunc
782 3102 880 3161 locum
903 3103 1039 3163 imitatus
1064 3103 1264 3180 est311157,
1286 3106 1302 3162 1
1328 3102 1359 3162 ln
1383 3102 1474 3162 omni-

298 3200 353 3258 bus
376 3194 589 3277 προσκέψοσθε
611 3217 666 3273 pro
689 3195 932 3276 προσσιιέψοισθε,
960 3217 1028 3258 oum
1052 3203 1257 3276 praeterea,
1284 3218 1343 3260 non
1366 3203 1473 3259 antea

298 3295 486 3354 considerare
512 3295 682 3356 iubeantur.
727 3295 847 3355 Pariter
870 3296 986 3373 Mosqu.
1009 3297 1055 3356 ΙΙΙ
1081 3299 1132 3374 96,
1161 3302 1177 3356 l
1207 3298 1284 3357 falso
1313 3290 1474 3376 Παρνασόν
1600 3317 1608 3326 ·

203 3434 205 3440 .
300 3386 350 3466 (οε.
381 3390 490 3449 Heron.
519 3390 534 3448 1
564 3393 637 3467 209,
667 3385 723 3467 ιο)
752 3396 782 3452 ιι
805 3393 881 3452 uu
903 3396 955 3472 ιν,
983 3399 1012 3454 ι.
1044 3398 1115 3470 108,
1141 3397 1158 3454 ν
1188 3397 1219 3454 u
1247 3395 1364 3472 aliquot
1390 3394 1474 3455 cose.

293 3481 507 3567 ‘Altnoovuoe'v
531 3482 755 3570 Ἁλικαρνασέσς
783 3483 835 3571 (ef.
863 3492 922 3552 ind.
948 3491 1014 3551 CIA
1037 3493 1053 3550 I
1080 3496 1112 3552 ct
1135 3493 1244 3553 Herod.
1267 3491 1283 3549 Ι
1311 3495 1384 3567 209,
1410 3487 1474 3570 30).

299 3586 443 3646 Eiusdem
466 3587 576 3646 erroris
600 3591 671 3647 sunt
694 3607 771 3664 quae
793 3589 825 3647 in
849 3589 965 3664 aliquot
988 3590 1071 3650 codd.
1094 3590 1238 3666 leguntur
1264 3587 1421 3650 Οἰνονσῶν
1444 3591 1474 3650 et

299 3679 450 3762 Σιόοόσης
469 3684 544 3762 VIII
565 3688 616 3760 24,
637 3687 665 3762 2,
688 3679 904 3765 Μαρόθονσαν
927 3686 1001 3746 VIII
1021 3690 1072 3765 31,
1092 3689 1124 3762 3,·
1146 3689 1319 3767 Τειχιοῦσοιν
1344 3680 1475 3766 Τειχιοό-

299 3800 352 3862 σης
376 3781 450 3840 VIII
475 3783 526 3858 26,
551 3785 579 3844 3.
615 3786 665 3859 28,
691 3788 719 3858 1,
746 3779 928 3863 Δρόμσνσαν
950 3784 1026 3843 VIII
1051 3787 1102 3859 31,
1132 3787 1212 3844 aot
1237 3807 1252 3844 τ
1280 3784 1370 3842 simul
1398 3785 1429 3842 in
1456 3807 1474 3864 χ

299 3884 415 3942 mutato
441 3873 630 3960 Τεόχλονσαν
652 3883 700 3942 vel
726 3878 893 3963 Τέχλονσοιν
916 3876 1039 3961 (reliqui
1065 3874 1284 3963 Τενχλοόσσοιν)
1307 3901 1363 3963 pro
1390 3885 1475 3944 Τεντ-

298 3981 435 4041 λοῦσσιιν.
481 3978 561 4040 Nam
589 3980 664 4040 haec
690 3980 812 4058 proprie
842 3980 985 4040 feminina
1013 3983 1084 4039 sunt
1112 3979 1328 4041 adieetivorum
1355 3981 1387 4040 in
1414 3974 1474 4052 όεις

298 4078 436 4138 derivate
459 4078 496 4138 ab
521 4068 615 4153 οἶνος,
645 4076 727 4155 σίδη,
756 4071 909 4157 μάραθον,
934 4076 1054 4156 τειχίον,
1078 4071 1204 4155 δρυμός,
1227 4079 1353 4139 τεῦελον.
1398 4078 1473 4138 Ram

298 4175 475 4237 confirment
497 4175 719 4254 inscriptiones,
742 4176 773 4234 in
797 4176 905 4252 quibus
929 4180 976 4237 est
1000 4178 1183 4254 Τειχιοῦσσιι,
1209 4176 1262 4236 sed
1284 4194 1338 4252 pro
1362 4173 1473 4257 ἐθνικρλ

298 4276 470 4335 constanter
493 4266 649 4334 Σιδοόσιοι
678 4264 729 4354 (cf.
753 4273 813 4334 ind.
838 4272 905 4334 011
928 4267 968 4356 Ι).
1017 4275 1060 4332 llx
1087 4273 1195 4349 quibus
1219 4273 1308 4332 simul
1332 4279 1471 4336 accentus

298 4371 405 4430 horum
433 4370 645 4432 vocabulorum
674 4371 871 4446 cognoscitur.
917 4371 982 4430 Iam
1011 4370 1175 4432 Herodiani
1203 4373 1351 4446 tempore,
1379 4373 1431 4448 qui
1458 4371 1473 4430 I

299 4471 373 4541 269,
401 4471 442 4528 36
473 4461 653 4544 Τεότλονσα,
680 4472 784 4528 contra
811 4469 826 4527 1
855 4471 926 4547 170,
952 4471 992 4529 14
1021 4469 1202 4545 Δρυμοόσσν
1230 4487 1266 4528 ex
1294 4469 1348 4528 Th.
1377 4469 1473 4545 affert,
