3322 5138
663 406 883 469 ..15„.

186 563 348 638 έλπίζοντές
371 587 440 626 ποτε
462 564 552 627 ναυσὶ
573 563 817 648 κρατηθήσεσθαι
841 565 898 631 ούκ
921 573 1041 652 ίσχυρον
1064 571 1212 653 ἐτείχιζον,
1241 573 1362 649 έκείνοις

184 684 214 721 τε
237 662 422 742 βιαζομένοις
444 657 498 742 τήν
516 658 664 744 ἆπάβασιν
682 660 831 745 ἁλώσιμον
849 662 880 730 τὸ
901 670 1008 749 χωρίον
1025 671 1191 752 γίγνεσθαι,
1214 673 1258 732 IV
1279 676 1321 732 24
1341 676 1360 732 4

185 760 212 819 εί
233 755 290 841 γάρ
313 756 486 841 κρατήσειαν
508 765 548 847 τῷ
571 767 714 848 ναυτικῷ,
739 758 771 824 τὸ
792 758 911 847 Ῥήγιον
933 763 1056 847 ήλπιζον
1080 819 1086 830 .
1112 817 1118 830 .
1142 816 1150 832 .
1173 771 1282 852 ῥᾳδίοις
1305 792 1360 850 χει-

185 854 348 937 ρύσεσθαι,
381 859 430 920 καὶ
459 855 518 939 ήδη
547 865 634 939 σφῶν
661 858 766 944 ἰσχυρά
793 869 827 923 τα
855 859 1010 946 πράγματα
1037 869 1205 948 γίγνεσθαι,
1239 870 1291 927 ubi
1323 870 1361 927 cd

184 957 310 1017 verbum
340 958 495 1039 γίγνεσθαι
527 980 563 1019 ex
594 955 718 1038 ἤλπιζον
754 981 847 1039 supro
883 965 994 1040 scripto
1031 959 1166 1041 ἐνόμιζον
1202 967 1360 1043 cogitando

186 1058 383 1133 supplendum
416 1060 471 1118 est.
517 1059 635 1118 Pariter
662 1061 735 1120 Xon.
765 1060 860 1120 Anah.
883 1062 927 1120 VI
952 1067 979 1139 1,
1004 1066 1046 1124 20
1074 1063 1201 1141 νομίζων
1230 1063 1281 1123 καλ
1307 1059 1360 1142 τήν

183 1149 270 1233 τιμήν
300 1154 385 1233 μείζω
414 1149 508 1227 οὕτως
536 1153 629 1240 έαυτῷ
656 1158 812 1237 γίγνεσθαι
839 1151 913 1238 πρὸς
939 1153 1007 1232 τοὺς
1035 1159 1141 1236 φίλους
1168 1157 1219 1219 καὶ
1241 1161 1282 1232 εἰς
1304 1155 1360 1238 τήν

182 1247 274 1332 πόλινΙ
297 1248 426 1331 τούνομα
454 1254 553 1331 μεῖζον
581 1249 741 1333 ἀφίξεσθαι
770 1249 870 1317 αὑτοῦ.
918 1255 1062 1318 Omnibus
1091 1263 1192 1318 eutem
1216 1260 1262 1318 his
1286 1260 1358 1319 locis

181 1351 301 1428 integro
324 1352 473 1411 sententie
495 1372 550 1429 pro
574 1355 726 1429 praesenti
748 1353 904 1434 γίγνεσθαι
926 1358 976 1417 vel
998 1355 1199 1416 καθίστασθαι
1222 1358 1359 1414 futurum

182 1445 303 1508 ἔσεσθαι
326 1451 459 1527 cogitare
482 1452 562 1511 licet.
603 1453 688 1511 Idem
712 1453 839 1529 denique
862 1472 934 1514 usus
958 1455 989 1513 in
1011 1455 1169 1532 participio
1191 1455 1358 1531 proesentis

181 1551 334 1622 comps-ret
352 1548 431 1624 apud
451 1548 561 1607 Herod.
582 1549 639 1607 VH
658 1552 687 1622 8,
709 1553 724 1608 1
750 1553 836 1611 τοῦτο
860 1547 1033 1630 ἐφρόντιζον
1056 1547 1133 1625 ὅκως
1157 1547 1196 1632 μή
1220 1553 1358 1631 λείψομαι

179 1646 238 1703 τῶν
267 1639 409 1723 πρότερον
436 1643 604 1726 γενομένων
633 1644 665 1706 έν
692 1650 760 1729 τιμή
789 1648 859 1729 τῇδε
892 1646 967 1727 μηδὲ
999 1643 1109 1709 ε’λάσσω
1142 1644 1359 1728 προσκτήσομαι

180 1736 309 1821 δύναμιν
337 1741 478 1828 Πέρσῃσι·
508 1745 672 1822 φροντίζων
696 1741 728 1804 δὲ
752 1738 875 1824 εὑρίσκω
900 1740 961 1825 άμα
984 1742 1037 1825 μὲν
1060 1747 1151 1819 κῦδος
1172 1740 1245 1825 Ιἡμῖν
1267 1765 1355 1825 προσ·
1446 1753 1460 1780 '

178 1835 337 1920 γινόμενον
360 1888 367 1901 .
392 1889 399 1902 .
424 1891 432 1904 .
465 1837 526 1921 άμα
559 1839 592 1902 δέ
623 1842 765 1923 τιμωρίην
797 1865 826 1903 τε
858 1843 908 1906 καὶ
939 1846 1014 1906 τίσιν
1046 1843 1215 1926 γινομένην.
1266 1845 1358 1906 Cuius

179 1940 327 1999 rationem
356 1961 415 2001 non
443 1942 632 2017 perspexisse
656 1941 835 2016 Dionysium
857 1945 926 2003 Hel.
950 1947 1085 2022 epperet,
1108 1963 1176 2004 cum
1200 1946 1291 2018 Thuc.
1315 1945 1358 2004 IV
1465 1987 1467 1991 ,

183 2039 232 2113 10,
257 2041 275 2096 3
301 2039 494 2116 vituperaret,
520 2041 600 2117 quod
623 2057 765 2115 praesens
790 2042 915 2121 γίγνεται
941 2044 978 2102 ad
1000 2044 1135 2102 futurum
1154 2040 1233 2102 ἔσται
1251 2064 1358 2119 porum

179 2138 282 2209 aptum
311 2142 399 2198 esset.
444 2139 549 2213 Neque
577 2136 673 2214 magis
702 2137 782 2196 idem
809 2141 865 2198 hoo
894 2140 1012 2199 dicendi
1039 2159 1135 2216 genus
1164 2142 1251 2216 quale
1279 2146 1359 2201 esset

178 2233 342 2312 intellexit,
375 2255 442 2296 cum
474 2256 503 2311 p,
532 2237 593 2294 801
627 2233 832 2310 Thucydidem
867 2236 926 2297 elio
958 2256 1077 2314 quoque
1109 2238 1173 2296 loco
1205 2221 1358 2313 praesenti

179 2334 313 2408 ternpore
338 2335 416 2394 mele
439 2353 527 2392 usum
551 2351 618 2392 esse
642 2331 770 2391 doceret.
806 2335 850 2393 De
874 2336 974 2395 verbis
998 2329 1076 2394 enim
1098 2334 1200 2411 1139,
1220 2336 1240 2392 4
1263 2335 1357 2395 καίτοι

179 2427 205 2487 εί
226 2429 361 2514 ῥᾳθυμίᾳ
385 2435 496 2510 μᾶλλον
516 2478 522 2490 .
542 2449 550 2492 .
570 2475 577 2488 .
600 2425 742 2507 ἐθέλομεν
763 2424 961 2510 κινδυνεύειν,
984 2433 1178 2512 περιγίγνεται
1200 2424 1273 2510 ἡμῖν
1295 2438 1356 2505 τοῖς

178 2548 207 2587 τε
230 2526 386 2605 μέλλουσιν
408 2523 553 2610 άλγεινοῖς
577 2521 616 2606 μή
639 2522 822 2607 προκάμνειν
844 2552 870 2589 ιι.
893 2552 918 2592 τ.
941 2534 964 2589 λ.
989 2532 1062 2590 hoec
1085 2533 1197 2590 monet:
1224 2528 1356 2591 ἐνταῦθα

178 2620 234 2707 γάρ
257 2621 288 2688 τὸ
312 2624 366 2706 μὲν
388 2620 561 2706 έθέλομενῙ)
590 2626 671 2706 ῥῆμα
697 2629 750 2686 τοῦ
779 2618 932 2704 μέλλοντάς
960 2625 1018 2687 ἔστι
1046 2621 1155 2706 χρόνον
1184 2624 1355 2706 δηλωτικόν,

177 2713 210 2783 td
236 2719 268 2783 δέ
291 2725 485 2806 περιγίγνεται
507 2727 560 2785 τοῦ
582 2718 740 2803 παρόντος·
768 2718 941 2786 ἀκόλουθον
965 2719 993 2784 δ’
1019 2717 1058 2784 ἂν
1080 2713 1135 2803 ήν,
1158 2725 1185 2784 εί
1206 2724 1356 2799 συνέζευξε

177 2825 217 2905 τῷ
241 2819 382 2900 ἐθέλομεν
404 2818 436 2884 τὸ
460 2819 614 2902 περιέσται.
651 2820 765 2891 Quibus
789 2823 860 2898 quid
883 2823 1013 2884 voluerit
1032 2824 1107 2882 satis
1127 2822 1157 2880 in
1175 2827 1280 2898 aperto
1300 2827 1355 2886 est

176 2921 296 2980 Etenim
322 2915 354 2981 τὸ
382 2915 583 2997 κινδυνεύειν,
613 2920 693 2995 quod
721 2920 752 2978 in
779 2923 934 2982 voluntate
964 2924 1083 2980 tontum
1112 2925 1204 2997 esset,
1236 2941 1295 2979 non
1323 2924 1354 2979 in

177 3037 278 3078 rerum
297 3021 433 3097 veritate,
456 3019 552 3079 hrturi
570 3018 714 3093 temporis
734 3037 801 3079 esse
819 3021 939 3094 putavit
961 3023 1052 3096 utque
1075 3019 1106 3076 in
1129 3020 1251 3094 epodosi
1274 3019 1354 3078 fut·

176 3136 243 3174 rum
267 3122 336 3192 post
358 3117 385 3176 εί
405 3114 548 3195 ἐθέλομεν
570 3109 757 3176 κινδυνεύειν
779 3135 839 3176 nou
862 3119 960 3177 minus
985 3117 1129 3177 sermonis
1158 3118 1354 3192 congruentia

176 3216 322 3290 postulari
350 3236 440 3293 quem
467 3218 493 3276 si
519 3207 559 3293 ἢν
586 3207 807 3292 κινδυνεύωμεν
835 3217 979 3292 scriptum
1010 3219 1098 3276 esset.
1149 3215 1254 3291 Neque
1288 3217 1352 3274 sins

176 3313 257 3371 omni
284 3331 374 3374 causa
403 3317 459 3373 hoc
486 3333 554 3373 eum
583 3314 724 3373 statuisse
753 3314 915 3373 ostendunt
943 3314 1033 3391 Soph.
1059 3314 1130 3372 Ant.
1156 3316 1241 3373 1039
1265 3305 1351 3396 τάφῳ

176 3403 204 3468 δ’
231 3407 345 3471 ἐκεῖνον
369 3404 435 3491 oripi
458 3406 594 3492 κρύψετε,
618 3443 660 3452 -
684 3403 751 3470 οὐδ’
778 3411 805 3470 εί
826 3405 947 3471 θέλουσ’
974 3412 1005 3472 οἱ
1024 3405 1122 3489 Ζηνὸς
1145 3408 1235 3471 αἰετοὶ
1258 3405 1353 3491 βοράν

179 3539 216 3549 —-
239 3506 340 3587 φέρειν
358 3532 407 3569 νιν
425 3503 603 3590 ἁρπάζοντες
621 3507 651 3580 ές
670 3503 743 3581 Διὸς
766 3502 911 3587 θρόνους,
935 3511 1012 3569 Plst.
1031 3511 1112 3569 Prot.
1134 3512 1226 3570 324a
1249 3510 1276 3569 εί
1296 3504 1353 3589 γάρ

175 3601 288 3678 ἐθέλεις
311 3604 452 3686 ἐννοῆσαι
471 3655 478 3668 .
498 3652 505 3666 .
525 3650 547 3683 .,
570 3600 641 3666 αύτύ
664 3625 695 3666 σε
719 3601 841 3684 διδάξει,
866 3609 960 3668 342d
984 3607 1010 3668 εί
1031 3600 1087 3689 γάρ
1110 3605 1206 3667 έθέλει
1228 3630 1324 3679 τις..
1346 3652 1352 3665 .

175 3702 385 3782 συγγενέσθαι,
414 3699 630 3785 ...εὑρήσω
675 3704 787 3764 Versm
819 3709 919 3766 temen
951 3705 1134 3783 Thucydidis
1169 3705 1349 3764 sententiam

174 3818 233 3858 non
257 3802 345 3876 plene
368 3804 529 3879 perspexit,
554 3822 631 3879 quse
654 3804 727 3862 haec
750 3807 809 3862 est:
834 3798 881 3863 ‘eo
904 3805 985 3881 quod
1008 3796 1060 3886 (cf.
1080 3803 1127 3862 III
1148 3807 1176 3881 9,
1197 3806 1226 3863 2.
1250 3806 1301 3880 32,
1322 3807 1351 3865 2.

175 3901 226 3972 43,
247 3902 275 3960 5.
305 3899 363 3958 VH
383 3903 434 3977 34,
456 3905 483 3961 7.
511 3895 617 3981 67,1)
640 3902 720 3960 laeto
744 3903 842 3962 animo
866 3903 1007 3978 propensi
1030 3920 1133 3962 sumus
1157 3903 1195 3960 od
1217 3901 1351 3976 periculo
1447 3985 1451 3994 Ι

155 3997 332 4058 subeunde
354 4000 504 4078 contingit
526 4001 612 4060 nobis
635 4001 671 4058 ut
693 3999 803 4060 futuris
827 4001 1062 4074 osismitstihus,
1091 4002 1250 4075 antequam
1277 4000 1350 4060 ecci-

248 4189 274 4255 1)
296 4185 361 4242 Non
384 4187 545 4243 dubitemus
570 4188 636 4256 quin
659 4187 720 4256 ipse
738 4188 890 4257 Dionysius
909 4207 1005 4244 veram
1024 4186 1189 4256 scripturum
1210 4183 1348 4257 ἐθέλομεν

172 4265 277 4322 io‘suo
301 4266 374 4322 libro
396 4269 528 4324 hebuerit
551 4270 581 4321 et
600 4264 750 4336 ἐθέλοιμεν
769 4269 887 4337 utroque
906 4271 968 4324 loco
992 4270 1068 4335 (nem
1087 4267 1161 4321 infra
1179 4283 1290 4335 quoque
1309 4267 1348 4320 sic

173 4346 289 4416 legitur)
307 4347 418 4402 illatum
433 4349 470 4402 sit
482 4367 500 4403 a
513 4347 637 4402 librariis
651 4347 818 4416 Byzantinis,
837 4351 884 4417 qui
898 4347 1080 4416 Thucydides
1094 4347 1168 4414 apud
1182 4345 1348 4414 Dionysium

172 4445 261 4498 prope
284 4429 380 4484 omnia
402 4446 435 4482 ex
458 4428 620 4498 deprevatis
639 4426 811 4496 Thucydidis
834 4427 978 4482 codicibus
1001 4425 1102 4493 quibus
1123 4424 1178 4494 ipsi
1197 4426 1349 4480 utebantur

172 4513 359 4564 correxerunt.
