3322 5138
671 441 883 504 ..27-

186 605 268 664 idem
293 608 391 665 exstat
412 606 445 665 in
463 605 571 665 Aesoh.
590 607 672 666 Pers.
694 609 767 666 791.
791 605 893 682 Suppl.
913 609 964 666 91.
989 608 1074 666 Eum.
1096 609 1168 666 234.
1193 607 1282 685 Soph.
1302 606 1363 680 ΟΒ,

189 708 261 766 198.
287 707 359 766 874.
391 704 449 766 00.
477 707 570 765 1443.
599 705 670 764 Ant.
697 707 774 782 710,
802 723 861 763 uon
884 706 983 764 minus
1007 706 1063 764 hoe
1086 707 1275 764 tolerandum
1300 725 1364 766 esse

187 807 260 880 puto
288 821 378 879 quam
406 803 521 879 pariler
549 804 714 880 singularia
744 797 783 876 ὡς
805 797 844 861 a
866 822 934 861 oum
957 803 1143 862 ooniunotivo
1169 805 1199 862 et
1222 793 1303 875 ὅπως
1325 798 1364 862 άν

187 922 255 962 eum
279 902 413 976 optativo
438 904 468 960 et
491 921 557 960 oum
586 903 689 962 eodem
717 898 760 980 μή
787 895 838 978 άν,
866 920 942 976 quae
971 918 1062 975 supra
1092 902 1258 959 memorata
1285 904 1363 965 eunt.

187 994 268 1057 Num
296 1001 397 1058 tamen
424 999 504 1058 idem
532 999 605 1058 ferri
633 1000 729 1076 possit
758 999 837 1076 apud
866 997 1100 1074 Aristophanem
1127 999 1159 1056 in
1186 1001 1261 1075 Equ.
1291 1002 1364 1059 698.

190 1100 263 1157 700.
288 1098 360 1157 805.
393 1097 461 1157 Pae.
487 1099 564 1173 450,
594 1100 645 1174 qui
672 1119 709 1159 ne
737 1099 809 1158 alibi
837 1096 955 1172 quidem
980 1095 1059 1171 apud
1083 1095 1303 1156 coniunctivum
1326 1091 1365 1156 άν

189 1197 329 1256 omittere
353 1194 449 1253 soleat
472 1187 556 1274 (nam
578 1197 609 1254 in
632 1216 754 1257 censum
777 1215 836 1256 non
859 1195 941 1255 venit
964 1194 1043 1270 quod
1066 1194 1122 1254 Au.
1148 1197 1211 1254 929
1235 1195 1364 1254 11111111-

186 1293 287 1353 bunde
310 1292 411 1352 Dorici
438 1293 579 1353 carminis
610 1295 777 1380 inritatione
804 1294 918 1369 legitur
945 1287 963 1352 δ
985 1314 1012 1351 τι
1038 1313 1093 1369 περ
1117 1339 1123 1351 .
1148 1340 1154 1352 .
1179 1338 1186 1352 .
1214 1289 1305 1374 θέλῃς
1334 1297 1364 1353 et

186 1391 265 1452 Euel.
287 1391 349 1449 688
375 1389 406 1447 in
429 1394 569 1467 promptu
595 1395 641 1452 est
664 1411 718 1468 pro
742 1387 798 1474 ὅτῳ
823 1387 855 1450 δὲ
878 1383 909 1450 τὸ
933 1384 1053 1470 γράμμα
1076 1421 1117 1432 --
1142 1383 1182 1468 μὴ
1205 1381 1364 1475 ’ξελκυσθῇ

161 1489 351 1548 ·reseribe1·e
380 1482 436 1569 ὅτῳ
465 1483 498 1547 δὲ
524 1482 556 1548 τὸ
584 1484 692 1570 γράμμ’
723 1482 762 1549 silv
789 1521 824 1530 -
852 1483 891 1567 μὴ
917 1482 1107 1570 ’ξελκυσοᾗ),
1135 1491 1223 1549 valde
1251 1490 1364 1567 dubito,

186 1586 364 1663 praesertim
392 1606 459 1646 cum
487 1587 518 1644 in
544 1588 621 1662 Equ.
645 1590 708 1648 698
734 1579 774 1665 μδ
796 1581 851 1665 τὴν
873 1580 1020 1664 Δήμητρ’,
1048 1580 1101 1646 ἐὰν
1125 1581 1166 1666 μή
1188 1577 1217 1646 α’
1243 1537 1364 1668 ἕκφάγά

186 1705 241 1761 pro
274 1677 313 1761 μδι
346 1676 401 1760 τὴν
428 1677 571 1764 Δήμητρά
604 1678 632 1763 y’
663 1684 690 1745 εί
720 1679 761 1763 μή
793 1678 820 1743 o'
850 1679 971 1764 ἐκφάγω
1002 1685 1134 1762 itemque
1164 1678 1275 1745 700
1255 1709 1295 1763 ην
1323 1678 1363 1764 μὴ

183 1775 314 1862 ’νιφάνῃς
337 1801 390 1856 pro
414 1775 498 1840 εί
463 1804 502 1859 μη
522 1775 653 1862 οιιφάγμς
680 1782 803 1866 plurimi
830 1783 900 1842 libri
928 1785 1047 1859 praeter
1075 1784 1146 1844 Rev.
1176 1784 1308 1843 habeant
1336 1786 1366 1843 et

187 1879 298 1938 ibidem
329 1881 391 1938 805
421 1879 580 1939 Valsenius
612 1884 693 1939 reete
727 1881 804 1956 sorip
806 1883 905 1940 turam
937 1879 996 1940 εί.
1062 1881 1195 1961 ,ίδιαιρ
1193 1895 1245 1958 ψει
1278 1883 1322 1940 alt
1323 1882 1367 1941 eri

187 1977 214 2037 εί
236 2021 242 2035 .
263 2022 296 2036 ..
322 1976 463 2057 διατρίψῃ
486 1979 572 2052 praet
559 1977 665 2036 tulisse
689 1978 881 2038 videaturt
851 1982 881 2038 et
909 1979 940 2037 in
964 1977 1031 2040 Pae.
1057 1981 1121 2038 450
1150 1980 1304 2039 lenissime
1327 1981 1366 2039 eit

187 2076 315 2134 mutatio
352 2073 400 2133 κεῖ
433 2096 503 2146 τις.
531 2120 536 2132 .
561 2119 567 2132 .
605 2069 644 2154 μὴ
677 2071 816 2155 ξυλλάβοι
848 2095 901 2152 pro
933 2075 983 2135 κεῖ
1004 2097 1046 2148 τις
1070 2124 1076 2137 .
1101 2124 1107 2136 .
1133 2123 1139 2135 .
1168 2069 1204 2154 μί
1237 2071 1366 2160 ξυλλάβῃ

186 2194 205 2233 a
235 2173 383 2232 Meinelrio
411 2172 579 2250 proposita,
615 2174 651 2230 ed
682 2194 770 2250 quem
803 2174 970 2250 optativum
998 2175 1034 2234 of.
1063 2175 1137 2252 Equ.
1168 2178 1232 2234 694
1263 2176 1365 2253 ibique

189 2271 296 2330 Kookii
319 2269 386 2328 adn.
411 2269 481 2347 Lys.
503 2272 575 2329 235.
601 2271 679 2330 Plut.
706 2274 799 2332 1072,
837 2272 893 2330 His
916 2272 1011 2347 igItur
1033 2272 1105 2358 loeis
1130 2273 1156 2332 si
1178 2273 1276 2332 nudus
1299 2291 1365 2331 eon·

187 2369 339 2429 iunetivus
369 2372 523 2443 exemptus
553 2371 612 2443 est,
641 2369 732 2428 etIam
755 2372 877 2446 praeter
900 2371 1118 2430 sententiarum
1142 2371 1276 2429 finalium
1299 2389 1365 2429 eon-

189 2487 309 2526 sensum
338 2485 429 2541 supra
457 2469 655 2526 memoratum
678 2467 889 2543 Aristophanis
916 2486 1013 2526 sermo
1038 2485 1105 2528 eum
1134 2468 1231 2527 titulis
1256 2468 1365 2528 Attioie

187 2567 276 2642 plane
291 2563 437 2637 convenit,
456 2563 488 2622 in
506 2585 632 2640 quorum
651 2566 814 2625 enuntiatis
834 2567 1086 2627 oondIoionalibus
1101 2567 1236 2628 relativis
1251 2569 1364 2641 tempo-

189 2663 304 2722 ralibus
328 2660 532 2723 eoniunotivus
556 2681 703 2739 nusquam
726 2658 766 2722 άν
788 2664 937 2740 partIeula
961 2667 1049 2724 earet.

758 2915 792 2985 V.

278 3055 466 3116 Confusionis
504 3057 631 3114 duarum
669 3058 888 3115 structurarum
920 3056 1021 3133 Poppo
1058 3056 1129 3116 olim
1162 3055 1193 3113 in
1224 3054 1365 3132 Prolegg.

187 3176 215 3230 p.
242 3155 305 3212 150
316 3173 380 3229 sqq.
410 3154 483 3212 haec
511 3153 646 3228 exempla
674 3154 790 3214 attulit:
819 3155 847 3212 V
878 3157 906 3232 7,
936 3159 954 3214 2
983 3147 1162 3232 αἰσθόμενος
1188 3148 1241 3214 τὸν
1267 3155 1366 3231 θροῦν

187 3248 237 3310 καὶ
265 3243 301 3310 οὗ
329 3245 510 3328 βουλόμενος
538 3243 649 3322 αὐτοὺς
677 3243 780 3310 διὰτὸ
805 3250 838 3311 ἐν
860 3254 898 3335 τῷ
922 3245 1002 3336 αὐτῷ
1024 3249 1216 3330 καθημένους
1239 3244 1365 3330 βαρύνε-

188 3353 261 3408 σθαι
284 3340 444 3427 ἀναλαβὼν
462 3337 545 3427 ἦγεν,
569 3349 614 3406 IV
634 3351 685 3425 63,
707 3354 722 3409 1
748 3347 797 3410 καὶ
820 3352 878 3408 νῦν
899 3351 951 3409 τοῦ
975 3342 1113 3426 ἀφανοῦς
1134 3371 1163 3409 ιε
1186 3343 1292 3411 τούτου
1316 3343 1365 3409 διὰ

187 3441 219 3507 ro
243 3435 422 3525 άτὲιιμαρυον
446 3442 512 3519 δέος
535 3444 585 3506 καὶ
608 3440 657 3507 διά
681 3440 712 3506 τὸ
736 3441 794 3526 ἤδη
824 3441 973 3526 φοβεροὺς
1000 3442 1148 3526 παρόντας
1173 3441 1365 3526 Ἀθηναίους,

188 3538 252 3604 κατ’
283 3537 435 3623 ἀμφότερα
463 3541 650 3625 ἐκπλαγέντες
678 3593 684 3603 .
709 3591 716 3605 .
740 3591 747 3605 .
776 3539 845 3618 τοὺς
877 3542 1040 3622 ἐφεστῶτας
1069 3545 1227 3624 πολεμίους
1256 3544 1288 3605 ἐν
1314 3547 1365 3622 τῆς

188 3637 284 3722 χώρας
307 3636 544 3720 άποιιὲμποιμεν,
568 3644 583 3701 I
608 3645 635 3718 2,
661 3645 679 3703 5
703 3637 758 3721 τὴν
780 3645 855 3724 γοῦν
875 3637 1007 3722 Ἀπιιιὴν
1031 3640 1063 3703 ἐκ
1085 3645 1137 3704 νοῦ
1161 3640 1209 3702 ἐπὶ
1231 3647 1366 3702 πλεῖστον

190 3736 238 3802 διά
261 3735 293 3800 τὸ
317 3735 481 3820 λεπτόγεων
504 3733 697 3802 ἀστασίαστον
720 3731 814 3802 οὖσαν
836 3737 995 3821 άνθρωνιοι
1017 3736 1117 3826 ᾤκουν
1140 3741 1171 3802 οἱ
1192 3734 1278 3800 αὐτοί
1298 3739 1364 3815 αἰεί,

189 3840 264 3898 VIII
286 3840 360 3912 105,
381 3842 399 3897 2
420 3837 452 3899 ot
467 3833 706 3918 Πελοποννήσιοι
726 3833 775 3899 διὰ
793 3861 824 3900 το
843 3833 1038 3918 κρατήσαντες
1056 3832 1151 3910 άδεῶς
1170 3833 1252 3897 άλλοι
1274 3831 1366 3914 άλληυ

191 3939 268 3998 ναῦν
287 3930 445 4008 διώκοντες
462 3930 589 4014 ἤρξαντο
608 3933 686 4016 με’ρει
705 3935 760 3997 τινὶ
776 3939 862 4014 σφῶν
876 3930 1059 4015 άταντόνεροι
1073 3932 1223 4016 γενέσθαι,
1243 3934 1286 3992 VI
1303 3937 1330 4010 1,
1346 3937 1364 3992 2

192 4033 224 4096 ἕν
247 4035 338 4096 εἴκοσι
362 4033 489 4096 σταδίαν
508 4030 630 4113 μάλιστα
649 4032 741 4119 μείρῳ
760 4037 811 4113 τῆς
829 4027 984 4110 θαλάσσης
1004 4033 1157 4114 διείργεται
1174 4025 1206 4094 τὸ
1226 4025 1265 4110 μὴ
1285 4024 1366 4108 ἤπει-

192 4156 243 4213 ρος
266 4122 354 4205 οὖσα;
378 4133 549 4192 confudisse
573 4134 651 4191 enim
671 4134 848 4210 scriptorem
866 4129 962 4208 primo
981 4131 1045 4190 loeo
1064 4127 1097 4188 ἐν
1114 4130 1154 4213 τῷ
1173 4122 1253 4213 αὐτῷ
1271 4133 1363 4206 καθη-

190 4228 297 4309 μένους
326 4235 356 4291 et
384 4225 434 4291 διδι
463 4223 495 4291 τὸ
525 4227 557 4290 ἐν
586 4233 626 4315 τῷ
658 4225 738 4316 αὐτῷ
770 4225 928 4308 καθῆσθαι
960 4229 1157 4304 similiterque
1189 4228 1219 4285 in
1250 4226 1366 4287 oeterIs.

191 4329 286 4399 Quam
308 4329 587 4406 interpretationem
607 4349 626 4388 a
645 4330 684 4391 M.
702 4329 836 4406 Hauptio
859 4330 1004 4403 tanquam
1025 4344 1134 4386 novam
1157 4345 1192 4384 ae
1215 4325 1365 4401 propriam

189 4428 220 4486 in
243 4429 345 4487 Herm.
369 4427 416 4486 ΙΙΙ
439 4449 467 4503 p.
493 4429 557 4488 150
581 4427 678 4487 denuo
701 4429 847 4504 prolatum
873 4444 941 4485 oum
964 4444 1012 4506 me
1036 4427 1159 4483 auctore
1183 4417 1233 4503 (ef.
1258 4424 1365 4483 Annel.

191 4525 263 4601 phil.
286 4546 314 4585 a.
335 4529 419 4586 1870
443 4547 471 4602 p.
491 4528 555 4585 333
567 4519 625 4606 sq.)
649 4526 849 4601 improbasset
867 4521 1127 4581 Reifferscheidius
1146 4520 1177 4580 in
1196 4519 1365 4581 Coniectum
1429 4551 1434 4562 ·
