3322 5138
782 442 976 502 -4..

294 605 410 661 ratione
437 605 558 678 quidem
586 623 657 663 usus
686 605 904 680 proficiscatur,
937 623 1031 680 neque
1062 610 1163 664 tamen
1191 623 1292 664 omnes
1321 609 1470 680 quotquot

293 701 365 776 fingi
389 705 516 776 possunt
541 703 689 776 cogitandi
714 703 846 760 rationes
870 701 986 760 dicendi
1010 721 1065 761 usu
1092 703 1312 777 exprimantur,
1340 702 1468 777 primum

294 799 364 874 quid
389 800 532 874 scriptum
557 800 597 859 sit
620 801 771 858 sciendum
796 803 854 872 est,
881 799 987 858 deinde
1012 820 1065 859 cur
1087 803 1131 860 ita
1154 802 1298 877 scriptum
1323 801 1362 859 sit
1385 801 1467 860 iuda·

293 896 435 972 gaudum.
481 897 560 955 Illud
583 901 685 956 autem
709 899 829 972 praeter
851 899 986 956 veterum
1010 900 1275 974 grammaticorum
1302 899 1469 957 doctrinam

293 995 412 1052 aliunde
440 994 504 1053 fere
531 995 669 1071 cognosci
698 995 801 1070 nequit
830 994 889 1052 nisi
921 1014 956 1054 ex
989 995 1133 1056 librorum
1165 1017 1254 1057 uranu
1288 997 1467 1071 scriptorum

292 1095 445 1152 memoria.
481 1094 524 1151 At
546 1093 811 1170 grammaticorum
835 1097 995 1167 praecepta
1017 1096 1114 1171 magis
1134 1097 1322 1171 exipsorum
1341 1095 1467 1154 arbitrio

292 1211 381 1266 quam
396 1211 431 1250 ex
446 1212 502 1251 usu
517 1192 696 1267 scriptorum
711 1191 871 1264 diligenter
885 1190 1044 1252 observato
1059 1193 1179 1252 fluxisse
1193 1193 1305 1270 dicunt,
1322 1193 1467 1252 librorum

292 1295 392 1348 autern
414 1292 625 1350 auctoritatem
649 1289 736 1347 valde
759 1288 882 1347 dubiam
905 1308 979 1350 esse.
1026 1291 1170 1365 Exempla
1196 1291 1274 1349 euim
1298 1289 1334 1348 de
1358 1289 1467 1364 quibus

290 1388 399 1462 agatur
413 1388 444 1446 in
457 1387 718 1454 terminationibus
734 1385 925 1461 potissimum
938 1389 1101 1448 consistere
1116 1407 1193 1466 quae
1207 1390 1291 1448 velut
1306 1420 1347 1428 -
1364 1404 1413 1446 σαι
1424 1419 1464 1430 -—

290 1501 365 1555 σειν,
390 1517 431 1524 -
456 1489 567 1543 σασθαι
592 1515 632 1525 -
657 1487 763 1542 σεοθαι
790 1486 912 1558 propter
940 1486 1060 1543 errandi
1087 1486 1262 1544 facilitatem
1290 1490 1354 1544 tarn
1378 1505 1465 1562 saepe

290 1601 308 1639 a
336 1583 466 1642 librariis
494 1584 683 1657 permutatae
713 1581 773 1639 sint
800 1582 835 1636 ut
865 1600 988 1655 prorsus
1015 1583 1148 1642 incertae
1179 1583 1239 1642 siut
1270 1583 1347 1644 fidei.
1398 1585 1465 1643 Non

289 1681 378 1738 nimis
406 1679 613 1739 confidendum
642 1698 708 1738 esse
738 1679 1002 1754 grammaticorum
1030 1681 1138 1743 iudicio
1164 1681 1324 1741 concedere
1348 1681 1465 1756 oportet

291 1797 386 1852 neque
411 1779 442 1836 in
466 1778 592 1854 singulis
615 1777 688 1836 locis
713 1777 853 1836 standum
877 1795 942 1836 esse
966 1777 1111 1838 librorum
1135 1780 1322 1840 auctoritate.
1360 1780 1402 1837 At
1420 1781 1466 1836 est

290 1875 410 1948 quidam
440 1875 535 1934 bonae
567 1875 675 1934 aetatis
708 1875 866 1946 librorum,
900 1875 925 1932 si
958 1877 1057 1934 omnia
1090 1881 1272 1954 spectamus,
1304 1895 1466 1935 consensus

289 1974 409 2032 minime
437 1974 655 2050 neglegendus,
683 1991 782 2048 aquo
808 1972 858 2030 nbi
882 1972 1043 2048 receditur,
1071 1974 1152 2032 iusta
1176 1974 1351 2050 suspicionis
1375 1993 1465 2033 cauea
1541 1963 1544 1968 ¹

289 2075 343 2130 est.
380 2072 457 2128 Eum
477 2090 653 2132 consensum
672 2072 745 2129 locis
765 2070 956 2130 numerandis
976 2071 1063 2131 facile
1082 2073 1240 2132 ostendere
1261 2073 1339 2132 licet.
1377 2073 1465 2130 Prae-

288 2173 372 2226 terea
395 2169 516 2228 maximi
540 2169 686 2229 momenti
710 2171 781 2227 sunt
804 2186 856 2226 eae
880 2167 1040 2226 verborum
1058 2170 1172 2228 formae
1200 2189 1326 2246 quarum
1349 2183 1465 2246 permu-

287 2267 364 2325 tatio
393 2267 524 2326 librariis
552 2288 611 2328 non
639 2267 735 2326 facilis
768 2270 842 2325 erat.
887 2265 949 2322 Elae
981 2267 1060 2324 enirn
1095 2268 1144 2325 ubi
1177 2270 1362 2343 comparent,
1395 2267 1465 2326 libri

287 2366 448 2440 genuinam
476 2367 655 2441 scripturam
690 2383 810 2424 servare
838 2363 949 2440 solent,
981 2365 1062 2440 iique
1095 2367 1152 2424 loci
1185 2386 1239 2443 pro
1270 2366 1464 2425 fundamento

286 2463 468 2536 quaestionis
488 2463 631 2538 cuiusque
650 2445 779 2521 habendi
799 2465 876 2520 sunt.
915 2460 1059 2520 Normam
1077 2465 1173 2540 igitur
1189 2464 1330 2538 adquam
1346 2462 1462 2522 dicendi

286 2579 373 2620 usum
390 2561 555 2636 dirigamus
575 2561 652 2618 hanc
671 2559 853 2620 constituere
871 2559 942 2617 licet
962 2563 996 2618 ut
1019 2581 1096 2637 quae
1119 2564 1221 2637 paucis
1245 2563 1364 2620 tantum
1388 2560 1459 2619 locis

286 2663 406 2733 praeter
420 2677 605 2717 communem
624 2658 771 2718 librorum
790 2675 964 2716 consensum
984 2658 1174 2718 inveniantur
1192 2677 1289 2734 neque
1308 2657 1461 2717 informis

287 2758 325 2815 ad
347 2758 523 2816 mutandum
551 2756 722 2815 difficilibus
751 2758 916 2833 appareant
942 2756 1092 2814 reicienda
1119 2775 1185 2815 esse
1213 2773 1400 2829 censeamus,
1428 2763 1463 2812 ea

286 2859 387 2914 autem
416 2874 470 2931 pro
497 2875 568 2915 vere
596 2854 716 2914 traditis
745 2855 925 2929 accipiamus
948 2853 979 2910 iu
1003 2854 1111 2928 quibus
1135 2854 1326 2914 librariorum
1349 2853 1463 2912 incuria

286 2957 417 3012 erratum
444 2972 509 3013 esse
533 2973 590 3012 nou
614 2953 701 3011 facile
725 2953 815 3009 liceat
837 2952 978 3026 cogitare.

375 3049 553 3111 Observatio
581 3068 640 3124 qua
668 3048 812 3123 Madvigii
843 3048 1022 3106 sententiam
1054 3048 1256 3108 confirmaturi
1289 3067 1391 3106 sumus
1422 3050 1460 3106 ad

286 3149 442 3207 enuntiata
470 3149 586 3222 spectat
614 3145 828 3206 condicionalis
856 3163 932 3220 quae
960 3165 978 3203 a
1005 3146 1097 3206 verbo
1121 3147 1238 3206 dicendi
1261 3151 1315 3204 aut
1336 3146 1462 3221 putandi

283 3246 441 3321 pendeant.
479 3244 613 3313 Quorum
637 3244 733 3301 multa
756 3243 801 3302 ita
823 3248 996 3317 comparata
1019 3248 1089 3303 sunt
1112 3248 1147 3302 ut
1164 3239 1204 3303 dv
1222 3243 1379 3318 infinitivo,
1401 3244 1461 3301 uisi

283 3344 310 3402 is
333 3343 430 3401 futuri
453 3342 597 3416 temporis
622 3341 669 3413 sit,
693 3341 827 3399 additum
851 3361 917 3400 esse
940 3347 1084 3416 oporteat.
1123 3345 1167 3401 Ac
1190 3343 1319 3417 primurn
1341 3343 1460 3418 quidem

284 3438 463 3500 mouendum
491 3441 538 3496 est
565 3432 604 3496 ίίν
630 3437 663 3495 in
691 3439 855 3498 enuntiatis
887 3441 1007 3499 aliunde
1040 3441 1238 3517 pendentibus
1271 3441 1366 3498 locum
1402 3460 1460 3498 non

284 3540 403 3612 babere,
426 3535 484 3594 nisi
508 3535 545 3592 ad
566 3535 659 3594 verba
678 3536 794 3594 dicendi
813 3537 939 3613 putandi
958 3539 1105 3597 sentiendi
1126 3540 1305 3614 pertineant,
1328 3538 1460 3597 alienum

284 3655 350 3694 esse
373 3634 411 3692 ab
435 3633 471 3691 iis
495 3651 577 3707 quae
594 3633 675 3690 aliud
693 3633 819 3692 verbum
839 3639 1011 3708 sequantur.
1049 3637 1202 3696 Sentieudi
1225 3639 1326 3695 autern
1349 3636 1459 3712 verbis,

282 3735 341 3792 nisi
370 3752 437 3791 curn
465 3724 509 3790 du
537 3731 585 3788 vel
614 3722 653 3800 ὡς
681 3731 860 3806 iunguntur,
894 3734 1098 3810 participium,
1130 3733 1255 3809 putandi
1284 3737 1315 3792 et
1344 3733 1460 3794 dicendi

283 3831 383 3889 verbis
416 3828 580 3888 infinitivus
613 3830 701 3902 aptus
735 3833 789 3888 est.
845 3827 999 3888 Eiusmodi
1032 3833 1201 3908 enuntiata,
1234 3832 1259 3890 si
1297 3832 1460 3890 condicioni

283 3929 417 3988 subiecta
441 3929 510 3986 sunt
534 3944 610 4002 quae
632 3926 712 3984 nudo
736 3926 870 4001 optativo
895 3931 1080 4005 enuntiatur,
1109 3924 1148 3988 ι’ίν
1171 3929 1319 4006 particula
1340 3930 1372 3987 in
1395 3927 1458 3986 infi-

282 4027 385 4086 nitivis
413 4025 579 4100 praesentis
609 4027 638 4082 et
667 4024 771 4081 coristi
785 4044 899 4083 carere
926 4029 1100 4103 plerumque
1130 4047 1190 4086 nou
1212 4044 1299 4101 posse
1322 4025 1459 4100 exempla

282 4124 397 4181 docent.
435 4121 511 4179 Sunt
536 4126 636 4178 autern
661 4121 747 4178 haec:
771 4120 786 4177 I
813 4124 862 4198 10,
883 4127 906 4192 3
931 4124 1180 4203 Λακεδαιμονίων
1202 4115 1260 4202 γὰρ
1283 4123 1310 4182 εί
1331 4116 1350 4201 ἡ
1374 4118 1459 4196 πόλις

282 4219 464 4298 ἕρημωθείη,
493 4218 629 4295 λειφθείη
658 4213 690 4275 δὲ
717 4212 753 4276 τοί
781 4241 809 4278 ιε
837 4213 901 4298 ἱερὰ
928 4219 978 4280 καὶ
993 4225 1058 4299 θῇς
1085 4224 1265 4297 κατασκευῆς
1287 4215 1322 4280 cri
1347 4213 1457 4299 ἐδάφη,

282 4312 393 4394 πολλὴν
421 4310 459 4375 dv
489 4309 570 4393 οἶμαι
599 4309 735 4374 ἀπιστίαν
762 4319 813 4393 τῆς
840 4311 993 4396 δυνάμεως
1018 4365 1050 4378 ..
1074 4312 1165 4394 εἶναι,
1194 4321 1245 4392 57,
1270 4321 1288 4378 5
1318 4318 1456 4396 νομίζων,

284 4415 309 4474 εἰ
331 4411 466 4493 ξύμμαχα
488 4417 579 4474 ταῦτα
603 4412 663 4492 ἔχοι
687 4457 693 4470 .
713 4456 737 4488 .,
767 4413 840 4497 ῥᾷον
868 4409 906 4475 dv
932 4411 983 4477 τὸν
1008 4411 1137 4495 πόλεμον
1160 4407 1221 4495 μετ’
1248 4409 1346 4475 αὐτῶν
1369 4419 1459 4474 ποιεῖ-

282 4518 368 4588 σθαι,
399 4515 470 4587 136,
495 4516 514 4570 4
543 4511 656 4572 ἐκεῖνον
685 4503 712 4570 d'
739 4505 791 4586 dv,
821 4513 847 4571 εἰ
869 4512 970 4592 ἐνδοίη
994 4508 1097 4589 αὐτόν,
1120 4559 1153 4574 ..
1178 4515 1322 4594 σωτηρίας
1345 4506 1384 4572 dv
1406 4515 1457 4590 τῆς
