3322 5138
788 464 1001 527 ,54-

306 628 461 688 Aeolicum
490 623 668 700 vocabatur,
697 629 776 705 quod
803 627 834 686 in
857 626 973 686 Troade
998 627 1089 687 eitum
1113 621 1194 708 erat)
1222 628 1295 688 item
1319 629 1350 687 in
1373 629 1446 689 01Α
1473 631 1490 688 I

307 721 358 804 (cf.
381 719 458 806 ind.)
485 727 515 785 in
543 749 563 803 η
590 731 684 786 exeat.
731 721 988 804 Ρτοο1οτβορίαν
1011 725 1190 785 servandum
1214 743 1278 784 aeae
1301 724 1414 804 βορρᾶν
1440 727 1490 785 71

308 827 337 900 2,
357 827 375 884 5
400 824 550 902 βορρᾶθεν
569 823 635 883 ΟΙΑ
655 823 685 883 ΙΙ
706 827 778 884 600.
804 825 877 884 777.
902 826 963 884 781
994 824 1207 884 demonstrant.
1254 822 1298 881 of.
1323 824 1490 903 Βορραίαις

307 917 413 995 πύλαις
433 923 539 982 Aesch.
560 921 641 997 Sept.
661 923 724 982 627
745 915 930 1001 (coniectura
947 941 1054 998 parum
1072 923 1156 980 certa
1173 921 1284 999 βορρᾶς
1302 941 1356 996 pro
1374 920 1490 1001 βορέας

308 1021 449 1079 scribitur
475 1020 601 1078 11111111.
627 1017 707 1095 Cycl.
733 1011 820 1099 329).
866 1017 941 1078 Cum
969 1021 1051 1080 codd.
1080 1019 1198 1078 varient
1226 1015 1318 1095 δίψης
1345 1018 1422 1101 δίψῃ
1454 1025 1490 1080 et

308 1117 417 1196 δίψους
445 1117 542 1196 δίψει,
569 1101 640 1176 illas¹
668 1118 780 1176 formae
803 1120 838 1175 ut
864 1117 1048 1194 antiquiores
1081 1111 1131 1198 (of.
1159 1116 1266 1175 Aeech.
1295 1116 1376 1178 Pers.
1406 1119 1487 1180 484.

308 1219 382 1277 491.
415 1215 508 1276 Arist.
536 1217 612 1292 Equ.
636 1207 715 1296 534)
743 1215 953 1290 praeferendas
980 1233 1046 1274 esse
1074 1217 1223 1290 putamus.
1269 1213 1305 1273 In
1332 1215 1488 1291 genetiuis

307 1313 460 1374 nominum
478 1314 669 1390 propriorum
687 1311 863 1372 Doricorum
884 1311 915 1372 in
939 1335 974 1384 ας
997 1312 1168 1372 exeuntium
1188 1309 1244 1370 711.
1266 1329 1487 1389 nonnunquam

307 1411 547 1472 terminationem
574 1410 715 1470 Doricam
744 1431 763 1468 α
790 1409 894 1486 habet,
922 1410 975 1469 sed
1002 1409 1122 1470 minime
1150 1410 1182 1468 in
1213 1409 1365 1484 omnibus,
1398 1413 1488 1470 velut

308 1529 460 1586 nunquam
484 1510 515 1568 in
534 1505 721 1583 Παυσανίας,
744 1506 891 1586 Βρασίδας
913 1500 1060 1587 (Βρασίδα
1082 1507 1113 1565 in
1135 1507 1337 1567 deterioribus
1360 1511 1485 1568 tantum

308 1609 394 1667 libris
417 1608 463 1667 bie
487 1600 594 1687 terve),
618 1603 784 1679 Λεωνίδας,
807 1608 861 1664 aut
884 1604 1021 1678 omnibus
1039 1605 1113 1664 iocis
1132 1597 1295 1683 (Κλεαρίδα
1314 1605 1487 1684 Κλεαρίδου

308 1705 334 1763 V
361 1707 411 1782 10,
437 1707 464 1763 1.
490 1695 555 1784 12).
602 1701 712 1762 Similis
737 1701 938 1777 discrepantia
960 1703 1039 1762 inter
1062 1695 1254 1779 Ξενοκλείδης
1276 1705 1308 1762 ο1
1330 1697 1486 1766 Ξενοκλεί-

309 1801 365 1861 δαν
388 1801 404 1860 Ι
428 1803 478 1876 46,
504 1802 531 1860 2,
559 1799 606 1858 III
633 1801 703 1874 114,
728 1802 756 1858 4.
803 1799 945 1860 Eiusdem
968 1800 1101 1878 genetivi
1123 1800 1295 1860 terminatio
1319 1800 1421 1860 Ionica
1444 1823 1486 1861 εω

307 1899 338 1956 in
364 1892 465 1976 Τήρεω
489 1900 519 1956 et
541 1891 655 1956 Πύθεω
678 1896 709 1956 ΙΙ
734 1900 784 1974 29,
811 1901 836 1958 1.
867 1900 917 1973 95,
944 1901 978 1976 1,
1007 1917 1133 1976 quocum
1157 1898 1192 1957 cf.
1217 1917 1253 1956 ex
1276 1898 1367 1958 tertia
1393 1897 1485 1958 decli-

308 1996 428 2054 natione
452 1987 591 2072 Ἀφύτιος
619 1993 634 2052 Ι
667 1997 717 2072 64,
748 1997 777 2070 2,
809 1987 934 2068 Γοᾶξιος
957 1996 999 2054 17
1025 1999 1097 2068 107,
1121 1999 1151 2064 3,
1179 1995 1303 2068 Κνίδιος
1325 1995 1353 2054 V
1377 1999 1429 2072 51,
1455 2001 1485 2058 2.

308 2091 404 2162 Quam
433 2093 632 2152 Athenienses
661 2093 753 2152 etiam
779 2093 946 2168 posteriore
975 2097 1110 2169 tempore
1138 2094 1169 2150 in
1195 2092 1308 2152 talibus
1338 2095 1395 2153 sibi
1423 2115 1484 2154 non

308 2190 497 2250 constiterint
522 2190 698 2250 documento
723 2194 769 2251 eet
793 2191 861 2250 OIA
884 2190 916 2249 II
939 2192 1012 2264 966,
1041 2193 1091 2251 26.
1115 2191 1167 2266 47,
1197 2189 1249 2248 ubi
1272 2191 1430 2252 Λεωνίδου
1454 2196 1487 2252 et

308 2281 474 2347 Mvuoroidot
498 2283 617 2367 (contra
639 2281 825 2350 Μυασιᾶδου
847 2287 918 2348 ibid.
944 2290 1017 2365 967,
1039 2282 1099 2367 46)
1123 2291 1178 2346 est.
1219 2287 1306 2346 Talia
1327 2287 1423 2364 igitur
1445 2289 1485 2346 ad

309 2386 433 2447 eandem
460 2405 596 2444 normam
623 2386 760 2462 redigere
778 2405 849 2445 ·non
879 2387 950 2445 licet
977 2387 1008 2444 et
1041 2385 1192 2461 sequenda
1223 2385 1270 2444 est
1302 2386 1484 2462 optimorum

308 2486 453 2544 librorum
481 2484 652 2543 auctoritas.
699 2484 742 2544 Ut
769 2485 863 2560 igitur
887 2483 941 2544 rn
969 2483 1089 2543 nomina
1117 2483 1226 2543 Dorica
1250 2484 1351 2543 Attice
1379 2483 1484 2543 termi-

308 2582 406 2656 navit,
433 2582 476 2640 ita
503 2599 540 2638 ne
568 2580 750 2640 contrarium
778 2581 897 2659 quidem
925 2581 1097 2657 negandum
1125 2599 1190 2640 eess
1219 2581 1338 2640 videtur
1361 2601 1429 2641 eum
1453 2583 1483 2642 in

305 2673 454 2757 Ἰθωμήτα
477 2679 491 2737 I
517 2681 627 2755 103,1
654 2679 751 2739 facere
774 2680 918 2755 potuisse,
941 2678 1119 2754 praesertim
1142 2697 1209 2737 cum
1232 2695 1355 2754 prorsus
1379 2680 1483 2740 eadem

308 2780 385 2839 ratio
414 2778 454 2836 ait
481 2776 635 2836 nominum
657 2769 876 2858 Ἠγησιττπίδας
904 2777 931 2834 V
960 2778 1012 2854 52,
1042 2779 1057 2834 1
1090 2780 1121 2835 et
1148 2769 1345 2854 Κυδωνιήτας
1373 2777 1442 2836 CIA
1468 2779 1483 2838 I

309 2880 384 2953 403,
412 2876 492 2953 quod
519 2875 669 2950 posterius
697 2875 843 2951 lapicidae
871 2875 966 2934 errori
993 2873 1186 2933 tribuendum
1210 2893 1276 2934 esse
1299 2874 1482 2935 Kirchhoffio

309 2994 369 3034 non
387 2975 545 3050 credimus,
566 2993 635 3034 cum
652 2974 683 3032 in
702 2972 833 3049 antiquis
852 2972 950 3032 titulis
969 2971 1079 3031 Atticis
1098 2971 1271 3031 terminatio
1290 2965 1373 3050 ιήτης
1392 2975 1482 3033 etiam

308 3073 338 3131 in
352 3071 521 3131 nominibus
535 3089 595 3129 non
608 3070 726 3149 Ionicis,
744 3072 829 3130 velut
848 3061 1007 3147 Κεδριῆται
1022 3058 1073 3150 (of.
1087 3069 1147 3128 ind.
1163 3068 1229 3128 ola
1245 3063 1285 3149 1),
1303 3069 1482 3131 inveniatur.

398 3170 426 3227 V
450 3171 501 3241 66,
526 3170 544 3227 3
569 3161 782 3245 ἐνωμοτάρχοις
804 3187 858 3243 pro
882 3159 1097 3244 ἐνωμοτάρχους
1121 3166 1310 3226 scribendum
1334 3171 1388 3241 eet,
1416 3187 1482 3228 cum

309 3285 465 3326 munerum
488 3264 665 3323 militarium
688 3263 809 3325 uomina
832 3264 932 3323 omnia
954 3263 985 3322 in
1008 3285 1108 3343 -αρχος
1131 3268 1238 3324 exeant
1259 3257 1309 3343 (cf.
1329 3265 1482 3326 Meisterh.

309 3362 329 3438 ξ
350 3364 400 3434 27,
425 3353 468 3441 9).
514 3358 572 3417 Sed
600 3359 716 3419 fallitur
738 3359 957 3421 Herwerdenua
986 3380 1054 3421 cum
1077 3363 1181 3422 eodem
1202 3363 1291 3422 modo
1314 3383 1369 3438 pro
1392 3365 1483 3443 βοιω-

307 3452 425 3536 τᾶρχαις
448 3458 480 3515 et
498 3450 674 3535 βοιωτάρχαι
693 3458 720 3515 V
740 3460 791 3519 37.
811 3461 852 3518 38
876 3453 1067 3538 βοιωταρχοις
1084 3462 1117 3519 et
1134 3453 1308 3539 βοιώταρχοι
1330 3462 1482 3538 corrigere

244 3551 252 3568 '
309 3557 383 3618 vult.
430 3553 474 3614 of.
503 3546 643 3632 neodoxon
670 3553 739 3614 cla
766 3555 796 3613 II
821 3558 900 3633 580,
927 3551 1051 3637 ίαρᾶρχη
1076 3581 1118 3605 =
1141 3552 1272 3636 ίεριῖρχαι
1301 3557 1482 3627 081497,

309 3656 383 3715 498.
407 3656 481 3730 499,
504 3653 702 3712 boeotarchae
725 3653 790 3713 Liv.
813 3652 899 3710 XLII
922 3655 973 3728 43,
999 3658 1027 3730 7,
1055 3655 1255 3714 boeoterchen
1278 3655 1408 3716 XXXIH
1432 3661 1482 3736 27,

310 3757 339 3833 8,
362 3745 547 3831 βοιωτάρχου
571 3749 725 3811 011738.
762 3751 820 3810 Pro
841 3743 980 3825 Ὀπικούς
1003 3751 1044 3811 71
1070 3756 1098 3831 2,
1122 3755 1142 3812 4
1167 3749 1482 3826 110111οοδδ.”Οιιιιιας

309 3853 358 3914 vel
371 3845 503 3928 ’Ότηκας
520 3849 641 3909 habent.
671 3847 729 3908 Sed
748 3867 919 3925 quanquam
939 3850 1043 3909 similis
1064 3855 1111 3910 est
1129 3850 1335 3910 declinationis
1355 3853 1482 3911 variatio

308 3952 340 4010 in
363 3943 494 4018 Ἠδῶνες
519 3939 659 4022 Ἠδωνοί,
688 3949 788 4006 tamen
816 3948 854 4006 ab
882 3948 1007 4007 Aristot.
1033 3948 1129 4007 Strab.
1153 3947 1276 4023 Dionys.
1300 3946 1370 4006 Hal.
1393 3949 1481 4008 Paua.

311 4047 412 4123 Steph.
432 4045 501 4121 Byz.
521 4047 584 4104 tam
603 4046 776 4103 constanter
796 4034 910 4106 Ὀττικοί
931 4047 1124 4105 nominantur
1147 4048 1182 4104 ut
1205 4045 1330 4104 eandem
1353 4045 1482 4106 nominis

309 4145 435 4204 formam
461 4143 516 4202 Ι711.
543 4142 677 4202 tribuere
706 4161 858 4219 cogamur.
903 4144 1050 4204 Vocabuli
1077 4136 1143 4216 υίός
1170 4144 1285 4201 formae
1312 4136 1482 4221 ἕτερόκλιτοι

309 4241 483 4302 derivantur
510 4241 548 4301 ab
575 4233 643 4314 υίδς
670 4234 721 4317 (of.
748 4239 792 4298 IA
821 4243 871 4300 54.
904 4244 975 4304 105.
1003 4237 1077 4302 476.
1110 4239 1177 4300 clu
1206 4238 1222 4296 Ι
1248 4231 1336 4321 398).
1383 4240 1483 4310 Quare

308 4339 482 4400 retinendus
510 4358 606 4400 accus.
652 4337 725 4410 υίεῖς
752 4338 796 4397 17
821 4341 872 4413 30,
897 4342 915 4398 2
946 4333 1030 4422 (τοὺς
1057 4337 1131 4410 υἱεῖς
1158 4335 1225 4396 cIA
1253 4337 1283 4395 11
1311 4337 1378 4400 add.
1405 4331 1482 4420 rb).

309 4435 414 4512 Neque
438 4437 643 4497 sollicitandus
667 4439 766 4514 genet.
789 4435 857 4495 υίοᾶ
881 4435 907 4493 V
934 4439 983 4513 16,
1008 4439 1036 4510 2,
1065 4453 1234 4510 quanquam
1261 4435 1385 4511 reliquis
1409 4437 1481 4496 locis

310 4525 340 4614 (1
366 4535 415 4608 13,
440 4537 468 4594 e.
497 4536 549 4610 ao,
573 4537 601 4594 a,
633 4537 704 4610 137,
730 4536 756 4592 1.
785 4533 817 4592 11
843 4535 914 4610 1oo,
939 4537 966 4594 a.
992 4533 1039 4592 111
1063 4534 1114 4608 aa,
1137 4524 1173 4612 a)
1198 4531 1252 4591 ra.
1277 4528 1356 4605 υἱέος
1378 4533 1479 4610 habea
