3322 5138
675 407 891 471 ..19-

198 568 289 628 rebus
313 588 380 627 oum
402 571 567 630 rectissime
586 571 732 631 iudicaret
751 569 881 632 Cobetus
905 570 937 628 in
955 571 1097 632 Mnemos.
1117 572 1159 630 XI
1177 593 1205 647 p.
1225 575 1290 634 350
1300 593 1372 652 sqq,

197 669 229 724 in
255 686 290 725 eo
317 670 419 725 tamen
447 670 559 728 erravit
586 670 666 745 quod
694 668 784 728 etiam
812 689 830 728 a
857 668 1044 728 διανοεῖσθαι
1071 671 1162 730 verbo
1192 671 1372 732 infinitivum

198 766 294 823 futuri
314 766 444 825 alienum
464 787 531 827 esse
550 769 689 842 opinatus
709 769 763 826 est.
800 767 879 825 Nam
902 772 983 826 certa
1007 767 1071 826 eius
1096 769 1231 844 exempla
1253 773 1372 829 exstant

198 882 216 921 a
240 861 352 933 Oobeto
375 883 498 938 prorsus
521 866 659 943 neglecta
682 865 713 924 in
736 864 844 939 quibus
868 864 905 923 de
929 864 1094 923 scribarum
1123 885 1224 925 errore
1249 868 1372 926 minime

198 959 329 1034 eogitari·
346 962 451 1035 possit.
488 963 623 1021 Primum
645 963 701 1022 hoo
725 964 783 1020 est:
806 961 851 1019 IV
872 963 946 1034 115,
970 964 1047 1042 2”τή
1071 955 1098 1021 d’
1120 956 1256 1046 ὑστεραίᾳ
1279 989 1371 1044 μηχα-

197 1061 253 1135 νῆς
276 1055 435 1136 μελλούσης
457 1055 659 1138 προσάξεσθαι
682 1053 782 1130 αὐτοῖς
810 1052 869 1119 άπὸ
897 1061 956 1118 τῶν
984 1056 1140 1136 έναντίων,
1168 1055 1223 1137 ἀφ’
1248 1051 1285 1140 ἧς
1311 1067 1372 1142 πῦρ

198 1148 315 1233 ἐνήσειν
334 1156 503 1219 διενοοῦντο
523 1155 552 1230 ἐς
571 1153 606 1217 τά
625 1151 728 1230 ξύλινα
746 1152 994 1236 παραφράγματα,
1017 1204 1022 1214 .
1044 1151 1185 1237 ,πύργον
1204 1155 1323 1232 ξύλινον
1344 1210 1370 1222 ..

197 1246 388 1331 ἀντέστησαν,
415 1257 494 1333 quod
518 1257 607 1316 simul
631 1256 762 1316 ostendit
785 1273 844 1330 qua
866 1254 981 1314 ratione
1004 1255 1143 1314 inductus
1167 1260 1294 1334 scriptor
1317 1262 1372 1319 hae

198 1355 358 1414 verborum
383 1349 536 1415 structura
559 1374 631 1414 usus
656 1357 702 1415 sit.
750 1353 871 1412 Etenim
897 1349 1009 1430 μέλλειν
1032 1355 1118 1412 verbi
1142 1357 1291 1416 sententia
1314 1357 1370 1417 διε·

197 1453 322 1512 νοοῦντα
346 1453 516 1528 praeditum
542 1473 607 1514 esse
630 1452 728 1514 voluit
751 1455 793 1524 et,
821 1470 858 1508 ne
881 1450 958 1508 illud
980 1449 1156 1526 iteraretur,
1183 1454 1239 1512 hoe
1262 1456 1370 1529 posuit.

196 1549 330 1609 Eandem
355 1551 501 1610 rationem
524 1551 556 1608 in
578 1552 643 1610 loco
666 1551 837 1610 Herodoteo
861 1549 960 1607 valere
983 1550 1174 1624 perspicuum
1197 1556 1251 1611 est.
1292 1553 1371 1610 Nam

196 1644 256 1704 VII
290 1650 363 1707 206.
398 1651 460 1708 207
500 1644 619 1725 ἔμελλον
656 1641 828 1727 ὁρτάσαντες
864 1642 913 1704 καί
946 1639 1081 1722 φύλακας
1110 1643 1242 1720 λιπόντες
1273 1647 1306 1708 έν
1337 1653 1371 1731 τῇ

196 1737 318 1825 Σπάρτη
346 1738 420 1803 ιιατά
447 1739 533 1823 τάχος
560 1739 724 1823 βοηθήσειν
751 1741 911 1819 πανδημεί·
941 1733 982 1813 ὣς
1011 1740 1043 1802 δὲ
1071 1743 1121 1804 καί
1144 1746 1174 1805 οἱ
1194 1744 1292 1807 λοιποί
1314 1751 1373 1807 τῶν

196 1837 356 1920 ξυμμάχων
388 1838 548 1902 ε’ννένωντο
582 1841 632 1902 καὶ
660 1837 743 1902 αὐτοὶ
771 1837 852 1917 ἕτερα
878 1842 998 1898 τοιαῦτα
1025 1836 1160 1920 ποιήσειν
1188 1891 1195 1904 .
1226 1891 1231 1902 .
1261 1892 1267 1904 .
1296 1840 1372 1906 οὕτω

196 1935 370 1999 διενένωντο
398 1933 533 2016 ποιήσειν
561 1942 656 2000 verba
683 1936 844 2000 έννένωντο
873 1938 904 1995 et
932 1935 1103 1999 διενένωντο
1133 1943 1257 2000 eandem
1283 1947 1373 2020 atque

195 2034 314 2114 ἔμελλον
342 2038 401 2096 vim
429 2037 550 2097 habent.
596 2038 684 2097 Alter
712 2039 794 2096 loeus
824 2035 1035 2110 Thucydideus
1068 2039 1117 2096 oui
1144 2039 1234 2098 fidem
1262 2042 1372 2100 habere

195 2153 314 2194 necesse
347 2136 388 2194 sit
415 2135 459 2192 IV
491 2138 564 2208 121,
595 2139 610 2194 1
645 2137 770 2212 legitur:
802 2126 854 2192 τόν
884 2153 913 2190 τε
939 2126 1068 2211 πόλεμον
1101 2135 1270 2198 διενοοῦντο
1303 2125 1390 2217 προ-Ι

194 2225 303 2308 θάμως
326 2231 427 2292 οἴσειν.
464 2233 500 2292 In
520 2234 567 2292 his
585 2233 680 2309 igitur
698 2231 770 2291 locis
790 2249 856 2289 oum
875 2229 1068 2291 librariorum
1088 2253 1220 2294 errorem
1239 2237 1372 2294 statuere

195 2348 254 2387 non
277 2329 380 2404 lioeat,
408 2349 446 2388 ne
468 2329 499 2387 in
522 2330 646 2406 reliquis
674 2329 793 2406 quidem
816 2326 876 2384 VII
901 2330 952 2402 56,
978 2332 1004 2388 1.
1040 2331 1114 2390 VIII
1138 2333 1191 2409 55,
1215 2335 1242 2392 2.
1278 2336 1328 2408 74,
1354 2335 1372 2392 3

195 2426 362 2488 infinitivus
385 2429 482 2486 futuri
506 2427 712 2487 sollicitandus
736 2430 790 2486 ost.
830 2423 970 2483 Ceterum
989 2425 1095 2488 (tobati
1119 2429 1227 2488 erroris
1252 2449 1373 2490 oonsors

197 2528 244 2583 est
259 2525 388 2585 Thomas
404 2525 550 2601 Magister
563 2546 591 2600 p.
609 2528 659 2600 67,
676 2527 726 2586 15.
757 2524 841 2594 Quod
856 2527 956 2582 autem
972 2524 1134 2586 Classenus
1149 2528 1181 2585 in
1195 2527 1261 2588 adn.
1277 2529 1315 2586 ad
1330 2529 1373 2586 VI

198 2624 225 2696 6,
237 2624 255 2680 2
271 2621 343 2696 ipsis
354 2623 401 2682 his
416 2623 503 2684 verbi
517 2623 703 2682 διανοεῖσθαι
717 2641 785 2682 oum
800 2622 895 2679 futuri
909 2621 1055 2683 Infinitivo
1071 2625 1219 2685 eoniunoti
1230 2628 1372 2703 exemplis

196 2720 331 2778 excusari
358 2723 448 2796 putat
474 2722 603 2780 eundem
630 2720 810 2780 infinitivum
837 2719 956 2778 volendi
978 2721 1070 2779 verba
1094 2721 1211 2781 δεῖσθαι
1234 2721 1372 2800 ἐφίεσθαι

195 2810 357 2894 βούλεσθαι
383 2816 502 2876 πείθειν
525 2821 715 2894 sequentem,
747 2817 932 2876 διανοεῖσθαι
954 2820 1074 2893 proprie
1098 2820 1224 2879 verbum
1247 2822 1373 2896 putandi

196 2917 243 2972 est
266 2915 431 2990 cogitare
455 2916 559 2974 valens
583 2917 614 2974 et
636 2916 681 2974 ita
703 2914 742 2974 ad
765 2915 952 2976 voluntatem
971 2917 1155 2975 transfertur
1174 2927 1208 2976 ut
1225 2918 1372 2994 prinoipe-

196 3012 256 3070 lem
280 3031 314 3070 ao
337 3014 506 3071 naturalem
530 3015 709 3072 sententium
733 3013 950 3089 quodammodo
969 3013 1106 3074 retineat.
1143 3016 1244 3091 Atque
1268 3017 1372 3075 eadem

196 3109 244 3168 est
270 3108 411 3168 infinitivi
438 3111 534 3169 futuri
562 3130 630 3169 oum
659 3108 771 3188 μέλλειν
799 3113 891 3171 verbo
920 3112 1069 3171 coniuncti
1099 3113 1189 3190 ratio,
1222 3132 1289 3178 curn
1317 3116 1372 3173 hoo

196 3226 312 3281 quoque
336 3209 498 3266 seeundum
523 3207 557 3266 G.
582 3207 679 3266 Curtii
701 3201 825 3284 etym!
852 3228 880 3282 p.
905 3209 968 3266 332
992 3209 1113 3283 proprie
1137 3210 1288 3286 cogitandi
1311 3212 1372 3270 vim

196 3303 318 3378 habeat,
347 3323 424 3378 quae
451 3306 543 3364 etiam
570 3307 706 3380 perlucet
733 3305 806 3364 loeis
835 3306 932 3380 qualis
961 3310 1007 3365 est
1036 3305 1080 3364 VI
1109 3310 1159 3382 66,
1190 3311 1217 3367 1.
1268 3309 1372 3386 Neque

196 3399 285 3458 allter
308 3401 499 3476 explicandus
523 3401 688 3462 Infinitivus
712 3403 807 3461 futuri
830 3406 899 3478 post
923 3399 1016 3480 ε’ττεῖχε
1036 3403 1145 3463 Herod.
1164 3406 1178 3463 I
1199 3409 1249 3484 80,
1273 3405 1306 3466 ἐν
1327 3411 1371 3488 νῷ

196 3495 272 3575 ἔχειν
294 3499 404 3558 Herod.
427 3500 443 3557 I
468 3503 519 3560 10.
543 3501 594 3561 86.
622 3498 697 3559 VIII
724 3505 753 3559 7.
778 3501 807 3559 8.
835 3499 879 3556 IX
904 3502 955 3572 93,
983 3492 1158 3590 ὁμολογεῖν,
1179 3522 1246 3563 non
1269 3524 1371 3563 reon-

196 3613 288 3669 sare,
313 3598 391 3671 quod
410 3598 530 3673 proprie
549 3599 675 3658 verbum
697 3597 814 3656 dicendi
838 3600 892 3665 est,
916 3598 995 3659 Plat.
1014 3599 1095 3658 Prot.
1117 3602 1179 3660 338
1190 3619 1216 3660 e.
1243 3599 1370 3662 Phaedr.

197 3693 260 3751 254
272 3693 301 3769 b,
325 3692 438 3769 δοκεῖν,
461 3695 497 3752 in
520 3696 638 3754 animo
662 3696 810 3768 habere,
833 3695 925 3756 Arist.
949 3697 1023 3754 Rau.
1049 3700 1121 3772 188,
1145 3699 1271 3772 στεῦται,
1295 3701 1370 3758 ani-

195 3811 287 3849 mum
313 3791 467 3868 inducit,
496 3792 583 3852 Hom.
611 3793 647 3853 Il.
675 3793 722 3851 HI
751 3795 802 3852 83.
835 3791 941 3851 Aesoh.
970 3793 1051 3853 Pers.
1082 3796 1133 3868 49,
1163 3793 1210 3852 oui
1237 3793 1372 3854 innatam

195 3907 261 3947 esse
293 3883 434 3964 dpiuandi
465 3891 526 3950 vim
554 3890 641 3950 Hom.
670 3890 703 3949 Il.
733 3890 764 3948 Π
795 3891 868 3948 597.
900 3889 954 3949 Od.
983 3889 1071 3947 XVII
1105 3891 1167 3949 525
1201 3891 1371 3950 ostendunt.

195 3987 251 4044 His
275 3988 376 4044 autem
400 3988 500 4046 verbis
525 3989 662 4047 omnibus
686 3986 873 4062 significatur
896 3988 975 4064 quod
994 3988 1060 4063 quis
1080 3989 1143 4063 ipse
1163 3989 1297 4048 facturus
1317 3992 1371 4064 est,

194 4103 255 4142 non
282 4083 361 4160 quod
389 4085 481 4143 aliurn
505 4087 571 4144 vult
598 4087 705 4145 faeere.
751 4084 858 4160 Itaque
886 4085 955 4142 inde
981 4084 1060 4160 quod
1093 4104 1130 4144 ea
1157 4105 1223 4144 oum
1251 4087 1372 4146 volendi

195 4182 346 4242 sententia
373 4180 552 4242 infinitivum
581 4184 676 4242 futuri
705 4202 806 4242 seeum
833 4183 946 4241 habent
972 4182 1047 4240 nihil
1075 4183 1204 4242 sffioitur
1231 4184 1269 4242 ad
1293 4203 1371 4244 oom-

194 4279 382 4352 probandum
410 4280 537 4338 eundem
565 4281 650 4340 verbi
678 4279 795 4341 πείθειν
822 4300 910 4340 usum
938 4282 991 4338 aut
1019 4298 1122 4337 eorum
1155 4281 1272 4340 volendi
1304 4302 1370 4342 ver·

193 4377 301 4434 borum
326 4377 434 4452 quibus
458 4377 584 4452 putandi
606 4379 655 4437 vel
679 4378 794 4437 dicendi
817 4380 863 4438 vis
887 4398 947 4437 non
969 4377 1059 4436 insita
1080 4381 1135 4436 est.
1173 4378 1251 4436 Nam
1275 4379 1306 4437 in
1329 4377 1371 4436 in-

196 4473 312 4534 finitivo
341 4475 437 4533 futuri
464 4476 543 4534 idem
573 4477 653 4537 valet
681 4477 759 4552 quod
783 4476 814 4534 in
836 4476 983 4536 infinItivo
1012 4495 1079 4534 eum
1107 4470 1146 4534 άν
1168 4477 1283 4535 iuncto:
1311 4496 1369 4535 nou

1119 4575 1157 4627 2*
