3310 5140
812 385 1025 450 ‚62-

330 551 466 626 pleribus
499 571 524 610 ει
557 555 588 609 et
619 573 639 630 η
672 550 811 609 distincte
843 553 984 624 poterant
1015 550 1127 625 scripta
1160 569 1224 610 esse
1254 551 1345 628 idque
1374 553 1507 612 animad-

331 651 449 708 vertere
476 645 665 724 grammatici
692 647 901 722 Alexandrini,
934 667 968 707 ex
1002 667 1128 724 quorum
1159 648 1295 707 doctrina
1322 650 1507 724 posteriores

331 763 387 804 sua
408 763 549 822 magnam
572 749 689 822 partem
712 746 886 806 hauserunt.
932 745 1038 820 Neque
1061 748 1165 806 contra
1188 744 1345 805 dicendum
1370 749 1419 805 est
1440 746 1506 804 ille-

330 842 465 918 gitimam
489 843 564 903 hanc
588 862 653 904 esse
677 863 722 902 εαι
745 842 893 903 vocalium
917 843 1159 902 contractionem.
1204 841 1282 902 Nam
1306 843 1395 902 hodie
1418 861 1506 902 nemo

330 942 378 1000 est
405 941 456 1016 qui
483 941 597 1002 nesciat
625 943 770 1018 quantum
797 941 829 998 in
860 940 972 1000 talibus
1004 943 1143 1015 grassata
1175 940 1215 1000 sit
1246 941 1325 1000 salsa
1356 941 1507 1016 analogia,

330 1041 361 1098 et
383 1039 587 1115 distinguendi
610 1057 700 1100 cansa
724 1038 883 1098 secundam
906 1057 984 1115 pers.
1005 1039 1080 1116 sing.
1100 1037 1253 1098 indicativi
1273 1041 1304 1096 et
1323 1037 1506 1097 coniunctivi

329 1136 418 1196 medii
445 1138 495 1197 vel
522 1137 635 1214 passivi
662 1137 699 1196 ad
728 1136 954 1196 similitudinem
983 1137 1093 1197 tertiae
1120 1138 1195 1214 sing.
1218 1137 1278 1196 ind.
1302 1139 1333 1196 et
1356 1136 1505 1195 coniunct.

329 1234 420 1295 actiui
442 1234 622 1294 formabant.
662 1233 894 1309 Inscriptionum
919 1237 1055 1311 exempla
1076 1235 1183 1312 quibus
1207 1253 1255 1296 res
1279 1234 1506 1292 demonstretur

327 1350 387 1392 non
409 1335 537 1392 exstant.
586 1332 675 1408 Apud
698 1331 754 1390 Th.
777 1331 871 1406 igitur
894 1331 1096 1408 recipiendum
1120 1336 1166 1392 cst
1190 1325 1260 1411 ἡγεῖ
1282 1331 1322 1389 VI
1348 1333 1399 1407 14,
1425 1334 1441 1390 1
1469 1351 1505 1390 ex

328 1429 391 1488 Pal.
410 1433 440 1489 et
456 1429 515 1506 Gr,
534 1427 752 1488 emendandum
770 1418 897 1510 ὑπισχνῇ
912 1426 927 1485 I
944 1431 1016 1504 129,
1032 1433 1060 1490 3.
1094 1429 1262 1490 Verborum
1281 1431 1506 1488 contractorum

328 1527 488 1604 singularis
516 1528 577 1601 opt.
606 1543 701 1600 praes.
730 1524 827 1583 forma
849 1523 953 1586 Attica
979 1527 1011 1586 in
1036 1549 1088 1605 ην,
1116 1550 1166 1604 ης,
1193 1549 1213 1604 η
1241 1526 1303 1584 exit
1331 1545 1426 1602 eaque
1449 1526 1505 1584 Th.

326 1625 438 1702 ubique
461 1641 550 1684 usum
573 1641 639 1682 esse
668 1625 803 1698 apparet.
850 1622 911 1681 Eae
936 1624 1014 1684 emm
1038 1645 1106 1686 cum
1129 1625 1204 1686 satis
1228 1627 1400 1700 frequentes
1425 1626 1507 1700 apud

326 1741 393 1780 eum
424 1721 497 1798 sint,
525 1737 691 1796 perpaucae
723 1721 839 1778 restant
867 1740 943 1796 quae
970 1723 1177 1782 emendatione
1205 1724 1323 1800 egeant.
1368 1721 1449 1780 Nam
1475 1721 1507 1781 II

328 1823 378 1896 79,
410 1821 428 1878 9
463 1817 565 1896 δοκοίη
597 1819 628 1877 in
656 1837 694 1877 m.
723 1819 782 1892 est,
815 1815 858 1875 IV
888 1820 960 1895 105,
991 1822 1006 1878 1
1038 1820 1101 1880 Pal.
1134 1840 1188 1896 pro
1215 1823 1387 1898 προσχωροῖ
1412 1820 1508 1878 hebet

327 1914 505 1994 προχωροίη,
529 1917 607 1976 unde
631 1919 716 1991 patet
738 1914 923 1994 ωροσχωροίη
947 1918 1108 1994 legendum
1132 1937 1213 1996 esse;
1235 1916 1324 1978 δοκοῖ
1343 1917 1374 1975 in
1398 1916 1506 1994 δοκοίη

326 2013 535 2090 corrigendum
563 2016 610 2076 est
637 2014 668 2072 II
695 2015 767 2090 100,
792 2016 820 2073 6.
849 2013 894 2072 111
925 2017 975 2089 16,
1006 2020 1033 2075 1.
1080 2017 1223 2094 Tragicos
1252 2017 1357 2090 poe’tas
1385 2018 1507 2073 constat

321 2112 438 2190 alteras
461 2113 573 2173 formas
597 2131 767 2190 quanquam
791 2111 888 2170 rarius
915 2112 1070 2172 admisisse
1098 2105 1150 2194 (of.
1173 2113 1280 2174 Aesoh.
1304 2112 1403 2172 Prom.
1429 2113 1505 2171 978.

327 2211 383 2288 Ag.
408 2213 503 2270 1328.
531 2209 619 2286 Soph.
643 2209 690 2268 Ai.
716 2211 788 2267 314.
817 2206 875 2268 00.
899 2211 972 2269 405.
998 2212 1071 2271 505.
1098 2213 1192 2272 1769.
1223 2210 1293 2269 Ant.
1318 2211 1391 2268 552.
1425 2209 1505 2267 Phil.

327 2312 399 2370 671.
429 2309 502 2370 895.
533 2309 628 2368 1044.
662 2307 731 2365 Eur.
755 2306 898 2366 Androm.
924 2309 995 2366 679.
1031 2306 1095 2366 Hel.
1126 2311 1197 2367 157.
1229 2307 1319 2383 Hipp.
1343 2308 1418 2366 336.
1452 2305 1504 2365 Or.

328 2397 438 2486 1517),
461 2405 570 2480 quibus
594 2404 698 2463 comici
720 2422 843 2478 prorsus
862 2403 1081 2464 abstinuerunt.
1118 2404 1162 2464 cf.
1182 2404 1297 2464 Weckl.
1318 2402 1385 2461 Cur.
1406 2403 1503 2478 epigr.

325 2522 352 2577 p.
377 2505 418 2562 33
446 2501 585 2560 Rutherf.
615 2500 652 2560 ad
675 2501 786 2576 Phryn.
814 2521 841 2576 p.
867 2501 930 2560 442
943 2521 1005 2580 sqq.
1052 2502 1157 2578 Neque
1185 2501 1284 2561 minus
1312 2504 1427 2560 certum
1456 2506 1504 2561 est

326 2598 529 2676 optativorum
552 2599 645 2676 inqu
668 2599 787 2658 dualem
810 2601 840 2657 et
863 2600 1011 2674 pluralem
1035 2617 1053 2658 a
1080 2599 1233 2658 veteribus
1257 2597 1366 2656 Atticis
1391 2597 1503 2672 ubique

325 2701 512 2758 contractum
531 2716 605 2758 esse.
636 2697 810 2756 Formarum
831 2697 910 2755 enim
930 2697 1097 2756 solntarum
1116 2697 1253 2774 exempla
1270 2696 1350 2771 apud
1369 2693 1503 2771 Aeschy-

324 2796 388 2855 lum
411 2799 442 2855 et
465 2795 640 2873 Sophoclem
663 2795 748 2854 nulla
771 2794 884 2853 tradita
908 2796 990 2871 sunt,
1018 2795 1050 2854 in
1076 2812 1136 2853 uno
1159 2793 1393 2869 Aristophaneo,
1426 2793 1503 2853 Ran.

328 2895 421 2970 1448,
435 2897 557 2969 recepta
571 2885 719 2954 cod.'Ven.
735 2892 884 2968 scriptura
897 2886 1023 2953 τούτοισι
1037 2885 1231 2972 χρησαίμεσθ’
1248 2890 1318 2963 ἴσως
1333 2889 1503 2968 σωθείημεν

324 2985 362 3050 dv
396 2985 612 3072 (χρησαίμεσθα
644 2992 753 3050 omisso
785 2989 856 3063 ἴσως
888 2986 975 3070 Rau.)
1009 2993 1138 3051 metrum
1171 2992 1318 3068 σωθεῖμεν
1351 2989 1502 3066 postulat;

323 3090 383 3148 trIa
406 3090 568 3166 Euripides
591 3093 724 3148 correcta
748 3091 830 3163 sunt,
858 3088 925 3146 Hel.
951 3090 1037 3149 1010
1060 3081 1233 3167 ἀδικοίημεν
1256 3082 1295 3147 δίο
1323 3107 1341 3146 a
1367 3087 1500 3146 Porsono

324 3188 355 3246 in
369 3180 507 3264 ἆδικοίην
520 3208 569 3245 νιν
583 3181 631 3261 dv,
651 3185 732 3262 Cycl.
750 3187 812 3244 143
833 3181 970 3268 δρηίημεν
986 3178 1025 3244 ι’ίν
1038 3185 1070 3244 in
1084 3185 1255 3269 ξονδρῷμεν
1269 3179 1308 3244 dv
1322 3203 1340 3243 a
1353 3185 1501 3262 Dawesi0,

324 3282 386 3343 Ion.
407 3286 470 3342 943
491 3281 621 3360 φαίημεν
639 3277 677 3341 σίν
695 3283 726 3342 in
746 3281 915 3360 ξνμφαῖμεν
933 3275 971 3341 tv
990 3302 1008 3342 a
1024 3271 1189 3361 Dnoorfio,
1212 3284 1304 3359 atque
1326 3283 1358 3342 in
1381 3282 1499 3342 duobus

324 3381 483 3454 postremis
507 3380 649 3456 exemplis
671 3381 738 3456 ipsa
763 3381 911 3440 sententia
933 3382 1097 3457 composita
1116 3383 1260 3458 postulat.
1298 3380 1341 3440 Of.
1362 3380 1499 3442 Rutherf.

324 3477 364 3534 ad
386 3476 495 3552 Phryn.
520 3497 548 3552 p.
573 3480 634 3538 451
648 3497 712 3556 sqq.
755 3477 920 3538 Verissime
942 3479 1038 3554 igitur
1060 3480 1235 3540 Heraclides
1260 3478 1395 3538 Milesius
1419 3479 1500 3554 apud

324 3574 462 3636 Eustath.
485 3594 513 3650 p.
541 3577 634 3652 1907,
658 3577 699 3635 45
725 3567 847 3656 (fragm.
867 3578 908 3635 47
934 3576 1012 3651 apud
1037 3575 1128 3636 (tohu.
1151 3578 1183 3636 in
1207 3575 1290 3634 stud.
1313 3575 1444 3634 Berolin.
1470 3567 1499 3656 I)

322 3665 342 3752 ἡ
357 3666 464 3754 ἀρχαία
479 3665 579 3744 Ἀτθίς
591 3666 626 3731 rol
645 3666 762 3733 εὐκτικὰ
783 3666 939 3753 σομκόπεει
956 3665 1019 3731 κατ’
1036 3670 1179 3751 ἐξαίρεσιν
1197 3675 1266 3751 μιᾶς
1284 3672 1497 3751 συλλαβῆς...

323 3775 522 3850 κοσμηθεὶμεν
544 3766 593 3828 καί
616 3768 818 3849 διακριθεῖμεν
840 3767 890 3831 καί
913 3762 993 3848 εἶμεν
1016 3767 1147 3850 λέγοντες
1168 3769 1218 3830 καὶ
1241 3763 1275 3830 τὰ
1298 3763 1411 3830 τούτων
1432 3764 1499 3830 δεκί-

323 3892 390 3950 εερα
412 3855 586 3948 κοσμηθεῖτε
609 3866 658 3928 καί
682 3869 859 3947 διακροθεῖεε
881 3866 931 3930 καί
954 3860 1017 3930 εἶτε.
1063 3869 1169 3944 Itaque
1198 3869 1277 3945 apud
1301 3869 1356 3928 Th.
1379 3859 1460 3945 εἶμεν
1484 3869 1498 3926 Ι

325 3970 374 4042 33,
400 3971 429 4046 3,
457 3960 515 4028 εἷεν
538 3967 553 4026 I
577 3969 605 4041 9,
630 3971 658 4026 4.
692 3967 721 4025 II
747 3970 797 4042 72,
822 3971 849 4026 2.
881 3967 926 4028 III
951 3969 1002 4042 22,
1027 3968 1055 4026 3.
1088 3964 1131 4024 IV
1160 3969 1210 4044 36,
1240 3969 1269 4043 3,
1299 3963 1498 4044 ἔκπεμφθεῖεν

323 4067 337 4125 Ι
356 4068 409 4144 38,
429 4070 456 4141 1,
475 4069 613 4144 σφαλεῖεν
632 4065 663 4123 ΙΙ
681 4067 733 4141 43,
754 4069 782 4143 1,
806 4069 965 4143 σφαλεῐμεν
983 4063 1026 4122 VI
1047 4066 1097 4138 11,
1113 4066 1142 4140 4,
1161 4068 1312 4125 πεισθεῖεν
1329 4064 1375 4122 ΠΙ
1394 4067 1447 4142 42,
1468 4065 1495 4122 4.

323 4165 366 4222 VI
395 4166 445 4241 64,
476 4169 503 4238 1,
536 4163 698 4242 ξυμβαῖμεν
723 4162 767 4220 IV
793 4166 843 4241 61,
869 4168 897 4241 7,
929 4164 1094 4241 γνωσθεῖσα
1123 4159 1162 4220 VI
1188 4165 1238 4236 64,
1264 4167 1290 4235 1,
1324 4160 1498 4221 διασωθεῖτε

323 4263 381 4321 VII
406 4264 457 4337 78,
482 4265 509 4335 7,
534 4265 624 4337 φαῖεν
641 4257 717 4317 VIII
736 4260 787 4335 53,
806 4261 826 4319 3
850 4260 1036 4320 restituenda
1060 4261 1136 4319 sunt.
1173 4257 1278 4334 Neque
1301 4257 1398 4334 magis
1422 4259 1496 4318 tole-

322 4361 433 4420 randae
457 4362 529 4420 sunt
551 4359 642 4418 tertia
666 4357 742 4432 sing.
766 4360 797 4416 et
818 4358 894 4434 plur.
919 4362 1011 4433 optat.
1035 4375 1095 4416 aor.
1118 4356 1150 4415 in
1173 4371 1222 4415 σαι
1241 4359 1271 4414 et
1290 4371 1381 4414 σαιεν.
1416 4355 1495 4414 Nam

257 4499 265 4513 .
323 4455 353 4513 in
380 4455 522 4517 diuerbiis
550 4458 707 4531 poetarum
735 4456 938 4514 scaenicorum
966 4454 1112 4515 secundae
1139 4455 1258 4512 tantum
1289 4469 1436 4527 personae
1464 4453 1497 4513 in
