3322 5138
650 424 866 487 ..33-

171 580 217 667 (11
241 589 314 656 938,
339 590 389 660 20,
421 608 478 665 quo
507 589 543 646 dc
570 588 634 646 loco
662 588 697 647 of.
722 589 863 649 Eustath.
890 609 919 664 p.
943 591 1020 662 531,
1051 592 1092 649 32
1122 592 1152 648 et
1174 589 1261 649 Dind.
1286 591 1341 650 lex.

170 684 260 759 Soph.
283 703 305 742 s.
325 677 367 764 ν.)
390 685 619 760 pronuntiatum
641 703 707 743 esse
732 685 818 744 docet
842 680 949 764 (quare
972 687 1063 746 etiam
1086 691 1249 764 παρομοῐος
1273 688 1343 746 scri-

171 775 326 860 bendum),
350 785 381 840 et
403 785 545 859 τροπαῖον
567 776 729 860 ἀσυνήθως
752 783 832 858 apud
856 783 909 841 Th.
933 781 1160 861 περισπωμένως
1182 785 1244 860 legi
1264 784 1343 842 affir-

170 880 235 937 mat
257 880 397 939 Hustath.
421 900 449 954 p.
475 881 548 956 531,
573 881 614 940 38
639 881 729 956 idque
753 881 872 940 omuino
895 882 975 957 apud
998 883 1115 942 veteres
1139 882 1255 944 Atticos
1279 883 1342 941 fieri

170 975 258 1035 docet
281 977 380 1054 thm.
404 996 502 1052 magn.
526 998 554 1052 p.
576 980 648 1052 769,
675 980 714 1036 15
740 980 910 1037 accuratius
934 977 1077 1039 definiens
1100 980 1178 1055 quod
1201 979 1309 1039 Herod.
1329 979 1344 1036 I

170 1075 245 1145 369,
270 1077 288 1133 9
318 1075 390 1133 dicit
416 1067 557 1150 τρόπαιον
584 1071 634 1132 καὶ
660 1079 802 1150 τροπαῖον
826 1069 967 1148 Ἀττικῶς.
1014 1076 1090 1135 Cum
1113 1077 1183 1136 libri
1206 1077 1344 1152 plurimis

170 1170 243 1228 locis
257 1173 454 1230 recentiorem
469 1175 625 1231 accentum
640 1173 780 1243 habeant,
799 1175 963 1250 genuinum
982 1175 1042 1232 iarn
1062 1176 1197 1234 restituit
1215 1174 1343 1232 Belclrer.

170 1266 291 1326 Pariter
319 1272 409 1344 atque
437 1262 564 1347 τριήρων
591 1268 779 1328 scribendum
803 1274 850 1330 est
872 1264 1073 1349 νεοδαμώδων
1101 1264 1198 1353 (codd.
1222 1272 1344 1348 plurimi

170 1359 401 1446 νεοδαμωδῶν),
434 1368 458 1426 si
490 1367 644 1442 sequimur
671 1366 838 1426 Aristarchi
866 1373 1059 1445 praeceptum
1088 1371 1168 1445 apud
1195 1369 1306 1428 Herod.
1330 1368 1345 1426 Ι

171 1466 317 1536 428,13.
356 1465 397 1523 De
420 1459 654 1540 ἰσοπλύθειςἮ
674 1466 724 1540 37,
748 1468 776 1541 1,
800 1487 853 1541 pro
877 1487 935 1542 quo
959 1467 1048 1525 multi
1070 1467 1140 1524 libri
1163 1465 1345 1544 ἰσοπληθεῖς,

171 1563 207 1622 of.
228 1562 337 1622 Herod.
362 1562 393 1620 Π
413 1565 486 1640 851,
507 1565 547 1622 35
572 1566 603 1622 et
626 1562 663 1622 de
686 1565 843 1640 θαλαμιῶν
861 1563 905 1621 IV
925 1566 976 1640 32,
1000 1567 1018 1622 2
1044 1556 1150 1640 (vulgo
1174 1557 1345 1641 θαλαμίων)

173 1661 279 1736 1119,
301 1663 351 1719 25.
374 1660 406 1717 ΙΙ
426 1662 499 1737 853,
519 1663 547 1720 4,
573 1660 662 1718 Falso
686 1660 748 1718 Pal.
772 1664 916 1740 τρομητοῦ
939 1682 993 1736 pro
1016 1655 1160 1741 rquyq'tou
1183 1661 1227 1720 IV
1246 1664 1297 1737 84,
1318 1666 1345 1720 1.

172 1756 217 1816 Of.
246 1758 356 1817 Herod.
383 1759 398 1816 Ι
427 1759 500 1834 220,
528 1760 556 1816 4.
588 1757 699 1832 Spitzn.
726 1758 849 1816 Excurs.
878 1759 960 1816 XXX
988 1760 1023 1816 ad
1054 1760 1141 1819 Hom.
1166 1758 1201 1818 Il.
1248 1759 1346 1817 Minus

172 1855 348 1915 confidimus
364 1844 533 1914 ¹Herodiani
557 1859 716 1930 praecepto
739 1856 770 1913 ΙΙ
796 1859 867 1928 709,
891 1858 929 1914 21
956 1850 987 1915 τδ
1012 1879 1022 1915 ι
1045 1851 1148 1918 καὶτὸ
1172 1880 1192 1916 ο
1214 1850 1271 1933 πρὸ
1294 1857 1347 1916 τού

173 1953 188 2025 ξ
212 1946 353 2014 οὐδέποτε
376 1945 536 2030 εὑρίσκεται
560 1947 648 2028 φύσει
671 1943 783 2032 μακροί,
812 1955 895 2012 ouius
924 1955 988 2029 ipse
1012 1958 1215 2031 exceptionem
1239 1954 1348 2015 statuit

172 2054 203 2110 in
226 2054 387 2128 augmento
410 2051 570 2126 temporali
594 2043 709 2130 (ίξευον
732 2053 867 2127 exemplo
890 2045 1012 2134 utitur),
1043 2054 1113 2129 quia
1137 2074 1155 2112 a
1176 2054 1256 2112 falsa
1278 2072 1347 2112 ana-

173 2149 254 2226 logia
286 2148 543 2208 substantivorum
575 2149 606 2206 in
639 2147 654 2219 ξ
686 2149 885 2208 desinentium
923 2144 1030 2232 (κῆρυξ
1066 2146 1209 2229 κήρῦκος,
1246 2148 1347 2225 φοῖνιξ

174 2242 323 2326 φοίνικος)
351 2247 471 2307 videtur
498 2245 621 2304 drictum
649 2263 721 2306 esse.
767 2247 847 2305 Nam
874 2247 905 2305 in
927 2250 1050 2325 papyris
1074 2247 1347 2307 Herculaneusibus

174 2345 336 2404 identidem
360 2341 517 2422 ἐπιμειξία,
545 2343 727 2421 παραμείξει,
756 2345 865 2403 similia
888 2345 1073 2417 scribuntur,
1100 2345 1165 2418 ubi,
1188 2343 1247 2402 nisi
1270 2343 1347 2402 forte

174 2443 278 2502 credas
301 2443 452 2501 vetustam
477 2441 617 2518 formam,
643 2443 679 2500 de
703 2460 762 2518 qua
784 2441 864 2500 infra
887 2443 1015 2519 dicetur,
1044 2445 1193 2502 servatam
1217 2459 1294 2512 esse,
1323 2461 1348 2499 ει

174 2560 228 2616 pro
248 2563 259 2599 ι
281 2541 380 2616 longa,
405 2542 439 2599 ut
462 2541 646 2616 plerumque,
668 2539 789 2599 videtur
813 2559 887 2600 esse.
925 2540 1033 2617 Itaque
1056 2539 1180 2617 κηρῦξαι
1204 2538 1348 2613 διαψῦξαι

174 2639 363 2697 scribendum
382 2656 448 2696 csse
465 2641 614 2712 putamus.
651 2635 875 2712 Nonnunquam
894 2637 1007 2697 diversi
1026 2657 1130 2696 sensus
1146 2637 1348 2712 distinguendi

173 2754 265 2794 causa
288 2740 426 2795 accentus
452 2736 595 2794 variatur.
641 2733 796 2793 Eiusmodi
824 2736 895 2792 sunt
921 2729 1053 2810 πόνηρος
1081 2738 1111 2792 et
1138 2727 1284 2810 πονηρός,
1312 2733 1349 2790 de

175 2834 283 2916 quibus
308 2833 418 2893 Herod.
441 2833 456 2890 I
482 2835 554 2907 197,
580 2835 620 2891 19
650 2828 744 2891 ἰστέον
772 2826 805 2890 δὲ
833 2825 877 2891 δτι
906 2825 938 2890 τὸ
966 2826 1098 2908 πόνηρος
1124 2828 1174 2890 καὶ
1198 2824 1348 2908 μόχθηρος

175 2928 206 2990 οἱ
222 2923 346 2988 Ἀττιιιολ
364 2922 428 2989 αἰντὶ
446 2931 499 2990 τοῦ
518 2923 636 3001 ὀξύνειν
653 2922 943 3006 προπαροξύνονσιν,
966 2923 1037 2988 ὅταν
1059 2921 1111 2988 τὸν
1134 2925 1278 2987 ἐπίπονον
1300 2923 1350 2985 καὶ

174 3025 340 3105 ἐπίμοχθον
373 3027 517 3108 σημαίνῃ,
550 3024 597 3086 sel
629 3024 662 3086 δὲ
693 3029 752 3086 τῶν
784 3021 858 3086 κατὰ
889 3019 993 3105 ψυχὴν
1027 3019 1152 3103 φαύλων
1182 3015 1349 3096 ὄξύνουσιν.

175 3125 281 3200 Itaque
300 3124 361 3182 VII
376 3127 427 3202 83,
447 3128 467 3183 4
486 3128 566 3184 recte
586 3119 688 3184 omnes
706 3125 777 3184 libri
795 3118 943 3202 πονήρως,
962 3123 1022 3182 VII
1041 3124 1092 3196 48,
1113 3126 1140 3183 1.
1153 3119 1238 3180 'VIII
1257 3123 1310 3197 24,
1330 3122 1348 3181 5

175 3242 279 3282 eorum
299 3242 369 3299 pars
388 3217 519 3301 πόνηρα;
538 3223 614 3281 VIII
634 3226 685 3300 97,
705 3226 723 3282 2
743 3215 886 3300 πονήρων
904 3223 1128 3282 rescribendum
1148 3223 1202 3280 est.
1238 3218 1351 3278 Contra

175 3321 290 3381 idoneis
318 3321 499 3380 testimoniis
529 3320 708 3380 destitutum
736 3324 783 3379 est
812 3314 922 3399 βρύχεα
948 3321 1002 3379 ubi
1029 3321 1108 3380 vada
1136 3318 1350 3396 significantur,

176 3420 255 3494 quod
280 3419 396 3494 aliquot
417 3419 489 3477 libri
511 3419 543 3477 ΙΙ
567 3421 618 3494 91,
638 3419 658 3475 4
682 3418 804 3494 habent,
828 3437 887 3494 qua
910 3418 946 3477 dc
969 3437 1002 3476 re
1025 3419 1061 3477 cf.
1085 3416 1159 3477 Lob.
1182 3418 1219 3475 ad
1239 3417 1350 3492 Phryn.

175 3536 203 3592 p.
237 3518 301 3577 538
319 3536 361 3592 sq.
419 3517 544 3592 Saepius
582 3518 705 3575 accentu
737 3515 965 3592 distinguuntur
1002 3515 1123 3574 nomina
1159 3514 1281 3589 propria
1313 3514 1351 3572 ab

177 3615 378 3691 appellativis
418 3615 467 3674 Sic
492 3613 601 3686 Φαλίας
625 3612 803 3672 discernitur
826 3632 844 3671 a
868 3606 974 3688 φαλιός
999 3605 1125 3693 (Herod.
1147 3612 1163 3669 I
1188 3613 1260 3681 123,
1286 3605 1351 3688 17),

151 3703 327 3792 ,Γογγύλος
355 3730 373 3770 a
399 3705 542 3792 μόγμνλος
571 3705 599 3789 (Ι
629 3712 701 3786 184,
730 3703 779 3788 4),
811 3709 926 3789 Τείχιον
955 3729 973 3768 a
1000 3709 1106 3789 τειχίον
1134 3700 1163 3789 (1
1188 3709 1261 3782 358,
1287 3698 1352 3786 10),

178 3803 287 3887 Πρωτή
311 3828 329 3867 a
350 3803 451 3886 πρύτη
476 3802 505 3888 (Ι
525 3811 599 3888 343,
619 3803 685 3889 28),
709 3802 872 3886 Μόλοβρος
895 3827 913 3866 a
937 3799 1082 3887 μολοβρός
1105 3800 1135 3886 (Ι
1160 3807 1233 3883 204,
1255 3805 1296 3863 25
1322 3806 1353 3861 et

180 3912 252 3984 205,
268 3903 313 3988 4).
344 3908 434 3969 Codd.
454 3907 485 3965 in
503 3908 616 3964 horum'
629 3908 782 3966 nominum
801 3909 926 3964 accentu
944 3906 1124 3981 discrepant.
1157 3902 1204 3961 Ad
1225 3900 1351 3960 similem

179 4007 400 4066 distinctionem
415 4004 547 4080 pertinet
560 4006 638 4079 quod
654 4006 690 4063 de
707 4003 945 4080 participialibus
965 4004 1052 4062 docet
1064 4001 1175 4060 Herod.
1190 3999 1206 4058 I
1223 4000 1294 4066 180,
1311 3997 1353 4055 24

180 4099 213 4163 ui
237 4099 286 4163 διδ
310 4105 362 4164 τοῦ
386 4124 472 4181 μενος
496 4095 630 4181 μετοχικᾶ
655 4095 824 4174 δξύνονται,
848 4099 875 4160 εί
896 4094 935 4178 μὴ
959 4093 1061 4170 πάθος
1082 4120 1108 4157 τι
1132 4094 1250 4176 με’νηται
1272 4087 1353 4170 παρδι

178 4196 233 4280 τὴν
247 4195 368 4278 φωνήν·
382 4195 445 4260 τότε
459 4193 515 4280 μδιρ
529 4193 789 4277 προπαροξύνεται.
812 4193 847 4258 ai
863 4195 894 4258 δὲ
909 4191 1035 4269 ὀξύτατα
1048 4198 1149 4254 ταῦτα·
1165 4182 1354 4270 Στησαμενύς

179 4292 369 4377 Ἀκεσαμενύς
385 4292 522 4376 Φαμενός
532 4290 663 4375 Ἰαμενύς
673 4286 1024 4374 ΣωζομενύςΛεξαμενός
1040 4286 1202 4370 Τισαμενός
1216 4293 1353 4350 Κλαυσα-

182 4392 267 4472 μενός
293 4387 475 4474 Ἀρχομενύς.
525 4390 557 4456 τὸ
582 4389 731 4472 Ἰάλμενος
757 4387 1010 4473 προπαροξύνεται
1040 4383 1080 4463 ὦς
1107 4381 1226 4466 παθόν,
1257 4382 1354 4463 ὥσπερ

183 4492 230 4552 καλ
245 4489 388 4572 ’Όρμενος
406 4485 561 4572 Κλύμενος
580 4492 697 4570 ίιιμενος
712 4487 864 4570 ’Ἁρμενος.
894 4492 999 4566 Itaque
1016 4481 1179 4572 Ἑλλομενῷ
1197 4487 1243 4546 III
1263 4488 1315 4563 94,
1336 4491 1351 4544 1

238 4603 330 4650 Suana,
346 4603 438 4652 Quaeri.
453 4612 525 4651 gram.
1126 4593 1142 4642 3
