3310 5140
638 410 855 473 „61-

156 588 305 648 rationem
325 588 442 644 secutos
462 602 535 642 esse.
572 583 675 658 Longe
694 584 847 641 diversum
867 583 913 640 est
935 579 1124 659 παρημέλουν
1147 582 1160 639 Ι
1182 584 1232 656 25,
1253 585 1271 641 3
1296 601 1331 640 ex

156 678 238 763 παρά
257 686 289 742 66
307 675 417 760 ripatici
438 686 545 741 ortum.
573 680 680 756 Itaque
695 681 798 739 eadem
813 681 968 756 augmenti
982 680 1079 738 forma
1092 681 1139 738 hic
1154 684 1186 739 et
1199 681 1269 756 Lys.
1283 679 1331 737 III

160 783 199 841 17
216 779 372 838 inferenda
386 782 433 838 est
447 798 536 854 quam
549 797 627 838 nune
642 779 734 837 habes
748 777 828 854 apud
838 777 981 836 Herodot.
991 777 1052 835 VII
1063 779 1136 838 238.
1149 779 1235 838 Dem.
1244 777 1332 836 XVII

159 881 211 938 22.
234 878 342 937 Aesch.
365 877 483 936 11177.
529 876 624 946 Quam
648 879 764 935 mature
787 877 871 935 verbi
896 876 1043 952 originem
1064 875 1207 952 ignorare
1230 895 1331 952 coepe-

158 978 220 1035 rint
239 975 372 1035 ostendit
389 969 639 1053 παρηνομημὲνον
659 973 707 1032 DS
730 977 780 1051 76,
800 976 851 1046 39,
875 974 928 1048 qni
946 973 1053 1032 titulus
1077 974 1107 1031 in
1128 972 1216 1031 Caria
1235 974 1332 1032 factus

130 1133 137 1148 ,
159 1077 207 1132 est
225 1093 250 1132 a.
271 1066 367 1152 35514
386 1092 413 1133 a.
433 1071 485 1132 Oh.
505 1071 647 1131 Attamen
666 1071 776 1130 Atticis
798 1071 993 1146 scriptoribus
1017 1072 1094 1130 hanc
1117 1072 1332 1147 qualiscunque

159 1172 207 1230 est
238 1171 441 1247 ignorantiam
475 1171 525 1231 vir
557 1173 638 1230 recte
670 1169 876 1246 imputaveris.
931 1169 997 1227 Etsi
1030 1169 1083 1227 Th.
1117 1188 1175 1227 non
1208 1162 1333 1227 ἐκάθισα

158 1268 248 1342 dixit,
281 1270 332 1328 sed
361 1270 472 1329 καθῖσα
500 1267 543 1325 VI
569 1271 619 1344 66,
645 1272 671 1326 1.
706 1267 766 1325 VII
795 1269 846 1342 82,
875 1269 893 1325 3
922 1261 973 1339 (ef.
1002 1267 1074 1326 Eur.
1102 1267 1211 1324 Phoen.
1238 1267 1331 1324 1188.

159 1366 253 1425 Arist.
277 1367 352 1425 Rau.
372 1369 450 1443 9113
473 1366 504 1425 in
528 1365 665 1425 Monnnd.
688 1365 793 1440 fragm.
821 1367 892 1440 112,
915 1366 933 1422 5
958 1369 1088 1424 καθῖσαν
1111 1384 1164 1440 pro
1187 1357 1333 1423 ἐκάθισαν

159 1465 324 1523 rescribere
359 1456 457 1544 11666),
494 1467 594 1523 tamen
627 1457 754 1539 ἐκάθητο
786 1461 813 1518 V
847 1463 875 1535 6,
909 1463 937 1538 5,
974 1456 1121 1540 ἐκάθηντο
1149 1462 1196 1520 ΙΙΙ
1224 1465 1275 1535 97,
1305 1466 1332 1521 2.
1416 1527 1419 1534 ,

159 1561 203 1619 IV
232 1563 283 1636 44,
313 1563 333 1619 4
361 1556 411 1642 (cf.
438 1562 531 1621 Arist.
560 1561 614 1621 Au.
644 1552 739 1641 510);
769 1579 861 1636 quare
895 1559 984 1618 etiam
1009 1560 1037 1617 V
1062 1562 1112 1636 58,
1137 1563 1156 1618 4
1185 1552 1333 1637 ἐκάθηντο

159 1660 248 1720 alteri
285 1660 450 1734 scripturae
489 1661 622 1734 καθῆντο
659 1659 706 1717 vel
742 1651 875 1734 κάθηντο
913 1651 967 1736 (61.
1004 1657 1097 1719 Arist.
1134 1659 1213 1718 Eccl.
1254 1652 1332 1738 302)

159 1759 279 1817 videtur
307 1756 534 1832 praeferendum
565 1775 638 1814 esse.
689 1754 736 1812 III
765 1757 816 1828 58,
845 1756 863 1811 5
896 1753 1030 1814 Atticam
1062 1755 1222 1816 dialectum
1255 1755 1332 1814 εἱσα-

159 1851 257 1933 μένων
284 1855 436 1930 postulare
464 1844 640 1933 (εἱσαμένων
664 1853 739 1930 Ρ61.,
768 1854 875 1928 reliqui
903 1849 1085 1931 ἑσσαμένων,
1114 1851 1263 1931 ἕσαμὲνων
1286 1856 1334 1913 vel

160 1973 197 2012 ex
219 1955 341 2028 interpr.
365 1944 583 2032 ἱδρυσαμένων)
611 1952 683 2010 Eur.
710 1951 799 2026 Hipp.
825 1953 875 2009 31.
907 1950 972 2025 lph.
1000 1951 1034 2010 Τ.
1065 1954 1128 2010 946
1163 1951 1333 2011 ostendunt.

160 2051 340 2110 Tollendum
372 2053 419 2109 est
449 2053 645 2126 augmentum
678 2049 709 2105 in
735 2049 893 2124 participio
920 2044 1130 2127 προειὸόμενος
1157 2049 1204 2107 ΙΙΙ
1234 2052 1285 2122 64,
1318 2055 1329 2106 1

162 2149 287 2225 tradito,
310 2167 380 2206 nam
403 2166 480 2223 quae
504 2147 567 2206 eius
591 2147 726 2222 exempla
750 2147 951 2206 afferebantur
974 2140 1094 2224 (Aesch.
1118 2147 1225 2207 1165.
1249 2148 1344 2207 nem»

160 2246 231 2304 XIX
257 2249 329 2306 233.
358 2247 480 2322 Dionys.
507 2245 575 2305 Hal.
599 2244 670 2304 Ant.
693 2244 708 2302 I
733 2247 783 2304 65.
811 2243 945 2304 71142.
975 2245 1056 2304 Luci.
1080 2246 1151 2304 Tor.
1177 2248 1227 2304 39.
1252 2244 1332 2304 Casa.

163 2345 249 2403 Dion.
274 2344 330 2402 LII
356 2347 404 2416 10,
431 2345 459 2403 3.
495 2343 565 2402 LIX
589 2345 640 2420 23,
665 2334 714 2422 5),
744 2361 780 2401 ea
804 2346 995 2401 com'exerunt
1017 2343 1172 2402 novissimi
1195 2344 1345 2402 editores..

250 2441 423 2501 Proximum
443 2444 490 2500 est
508 2445 542 2499 ut
560 2439 676 2500 dicatur
691 2440 727 2499 de
741 2440 902 2499 verborum
916 2440 1186 2500 terminationibus,
1225 2440 1332 2501 Secun-

162 2541 231 2600 dam
258 2558 337 2617 pers.
366 2541 442 2614 sing.
470 2538 623 2598 indicativi
649 2538 817 2614 praesentis
845 2541 876 2595 et
904 2537 999 2596 futuri
1027 2538 1117 2596 medii
1145 2539 1194 2598 vel
1221 2540 1334 2615 passivi

160 2640 241 2715 apud
266 2642 383 2698 veteres
407 2637 523 2696 Atticos
546 2636 577 2694 in
601 2636 744 2695 erexisse
768 2635 956 2711 grammatici
982 2629 1107 2714 (Herod.
1131 2635 1161 2694 11
1186 2639 1259 2712 831,
1284 2639 1333 2695 34.

161 2736 252 2796 schol.
281 2735 375 2794 Arist.
404 2734 522 2793 Thesm.
549 2736 620 2792 141.
653 2734 727 2791 Ran.
751 2735 824 2792 469.
857 2732 996 2789 Eustath.
1025 2751 1054 2806 p.
1079 2735 1151 2806 641,
1177 2737 1204 2792 6,
1241 2731 1337 2811 1723,Ι

164 2835 213 2892 18.
247 2832 342 2890 Belrlr.
372 2831 483 2890 Anecd.
515 2852 543 2907 p.
574 2822 673 2910 1290)
702 2849 763 2888 uno
791 2848 935 2888 consensu
968 2827 1134 2905 affirmant,
1166 2830 1223 2888 nisi
1256 2834 1334 2906 quod

161 2929 387 3012 Choeroboseus
411 2922 518 3010 (Belrlr.
543 2927 653 2988 Anecd.
677 2927 696 2986 l.
719 2918 754 3006 1.)
777 2927 909 3002 tragicos
933 2926 1050 3003 excipit,
1074 2927 1124 3003 qui
1148 2946 1334 2987 communem

162 3028 292 3087 formam
319 3027 520 3086 adhibuerint.
565 3026 650 3085 Licet
677 3011 777 3084 autem
806 3025 895 3083 huius
923 3024 1100 3084 auctoritate
1129 3025 1334 3085 confidendum

162 3127 203 3185 sit
221 3117 269 3206 (at
287 3125 323 3184 cf.
342 3124 432 3185 Dind.
453 3125 546 3200 praef.
566 3124 603 3182 ad
621 3124 705 3183 Poe't.
725 3141 802 3183 scen.
824 3143 851 3198 p.
871 3117 929 3200 IX)
953 3124 984 3180 et
1007 3123 1114 3198 tragici
1137 3123 1334 3200 antiquiorem

163 3241 252 3281 usum
279 3221 460 3280 retinuerint
486 3216 686 3300 (primitivum
713 3223 792 3280 enim
821 3225 887 3281 erat
918 3245 938 3302 ῃ
970 3240 1025 3297 pro
1058 3214 1132 3303 εαι),
1165 3226 1266 3282 tamen
1299 3223 1335 3282 de

162 3319 287 3396 reliquis
306 3319 416 3378 Atticis
436 3320 630 3394 scriptoribus
651 3339 711 3379 non
734 3322 781 3379 est
803 3319 1001 3378 dubitandum
1024 3320 1095 3396 quin
1119 3340 1185 3380 eam
1208 3322 1335 3380 formem

162 3418 194 3475 in
217 3437 243 3476 ει
266 3417 502 3494 terminaverint,
525 3417 605 3492 quod
628 3418 664 3476 de
684 3417 887 3493 Aristophane
910 3417 1021 3477 diserte
1045 3420 1177 3478 testatur
1196 3420 1335 3480 Eustath.

164 3535 191 3590 p.
222 3517 320 3590 1723,
352 3518 400 3575 18.
451 3515 521 3572 Noli
553 3515 632 3574 enim
665 3503 910 3574 cruceferorum
940 3516 996 3575 hoc
1027 3521 1221 3593 praeceptum
1252 3538 1336 3593 repe-

163 3613 289 3672 tendum
327 3631 392 3671 esse
429 3631 447 3670 a
483 3613 745 3688 grammaticorum
782 3612 897 3671 incuria
930 3616 1020 3689 atque
1053 3615 1224 3690 ignorantia
1255 3619 1336 3675 vete·

165 3729 228 3769 rem
257 3710 436 3786 scripturam
464 3710 506 3768 ,ul
534 3729 625 3786 prere
654 3710 871 3786 accipientium.
918 3709 994 3768 Cum
1022 3711 1101 3770 enim
1129 3711 1230 3771 Ionica
1256 3713 1337 3770 litte·

165 3801 270 3866 ratura
293 3809 388 3867 multo
416 3789 498 3884 prius
525 3809 557 3867 in
585 3808 702 3884 privato
731 3827 820 3885 quam
848 3807 879 3866 in
907 3808 1025 3882 publico
1053 3828 1110 3867 usu
1139 3814 1219 3870 66666
1243 3803 1336 3889 (corte

167 3905 245 3963 enim
277 3905 449 3981 Euripides,
489 3908 523 3964 ut
559 3906 620 3964 iam
656 3907 838 3982 monuimus,
876 3907 907 3962 et
942 3903 1098 3982 Agathou,
1135 3908 1170 3963 ut
1204 3925 1240 3966 er
1273 3906 1336 3964 eius

168 4003 275 4078 fragm.
299 4005 319 4061 4
345 4007 483 4080 apparet,
512 4022 578 4062 eam
602 4003 812 4082 adhibuerunt,
839 4020 935 4078 neque
959 4001 1056 4062 minus
1084 4003 1116 4060 in
1139 4002 1338 4078 inscriptioni-

169 4093 328 4182 bus¹)‘res
352 4094 512 4183 cernitur),
535 4101 595 4160 iam
618 4102 648 4160 in
672 4101 825 4162 veteribus
849 4101 1020 4160 Atticorum
1043 4101 1223 4177 scriptorum
1242 4121 1339 4160 exem-

240 4263 267 4330 1)
290 4263 331 4316 Er
354 4263 445 4317 titulis
470 4263 670 4333 sepulcralibus
693 4263 768 4332 apud
791 4264 900 4320 Atticos
919 4262 1042 4318 Ionicum
1066 4262 1256 4318 litteraturam
1280 4263 1337 4316 iam

169 4342 242 4396 circa
260 4344 382 4398 medium
403 4343 530 4412 quintum
546 4359 570 4397 a.
587 4343 635 4398 Ch.
655 4345 797 4399 saeculnm
817 4345 846 4417 16
860 4363 912 4399 666
927 4343 1036 4412 privato
1050 4342 1137 4398 fuisse
1152 4344 1336 4412 cognoscitur,

169 4439 224 4489 qua
243 4423 277 4476 de
296 4440 325 4476 re
344 4424 378 4478 cf.
398 4422 521 4477 Koehler
540 4453 572 4462 —
592 4422 637 4475 die
661 4423 799 4478 attischen
819 4425 983 4478 Grabsteine
1008 4425 1091 4494 (Mitt.
1116 4421 1165 4478 des
1184 4423 1337 4478 deutschen

169 4502 375 4557 arehiiol.1nst.
395 4503 431 4573 X)
449 4521 476 4572 p.
496 4507 556 4557 378.
1397 4508 1405 4525 “
