3322 5138
685 357 1099 484 '-⁰42-'

297 601 410 662 κουσιν,
435 576 474 656 ὡς
494 579 628 662 Πρασιάς
648 576 861 666 (Πρασειάςῖ),
885 582 915 644 οἱ
932 579 963 642 δὲ
982 579 1226 660 συνεσταλμένως.
1258 582 1334 643 Cum
1353 585 1473 646 aliunde

298 684 350 742 ille
377 685 466 742 notus
494 702 554 743 non
581 684 635 761 sit,
670 682 866 759 plurimorum
899 681 982 741 codd.
1010 681 1159 758 scriptura
1187 681 1326 754 Φωκαίας
1354 683 1473 744 videtur

297 780 493 857 praeferenda
512 801 584 840 esse.
615 779 727 840 Contra
745 799 904 857 perperam
925 779 1059 858 Θοραίαν
1077 801 1131 857 pro
1153 777 1271 859 Θυρέαν
1293 774 1344 862 (cf.
1363 781 1473 844 Herod.

298 881 410 953 icoc,
436 882 486 942 co.
519 879 550 938 11
573 881 646 958 aas,
671 871 706 959 5)
740 897 811 955 pars
845 878 928 938 coes.
956 878 1062 956 1127,
1091 881 1119 938 ι.
1151 877 1195 936 lv
1224 879 1276 957 56,
1306 883 1333 940 κ.
1367 882 1419 958 57,
1444 883 1472 942 a.

297 977 325 1034 V
349 979 401 1054 41,
425 981 454 1039 2.
505 977 604 1038 Attice
628 971 853 1055 Ἀλκμεωνιδῶν
881 976 924 1035 VI
953 980 1005 1051 59,
1033 979 1053 1036 4
1082 995 1159 1036 unus
1187 977 1275 1037 Laur.
1304 982 1339 1039 nt
1366 978 1472 1038 0111

298 1077 371 1136 433.
406 1076 434 1134 ΙΙ
464 1079 537 1138 946.
588 1077 680 1136 Recte
707 1076 740 1134 in
768 1074 822 1132 Th.
851 1074 936 1134 libm's
964 1076 1139 1152 plerumque
1168 1076 1338 1152 appellatur
1365 1097 1473 1138 nomen

298 1175 602 1236 Lacedaemoniorum
626 1175 709 1234 ducis
728 1167 905 1252 Πεδάριιος;
930 1173 982 1231 sed
1004 1176 1162 1250 praeterea
1184 1173 1336 1234 invenitur
1359 1169 1472 1234 Hordei·

297 1295 374 1350 ριιος
397 1267 576 1353 Πεδάρητος.
623 1273 701 1332 Nam
723 1265 848 1353 llsd(==
867 1263 1063 1351 μετά)-οἱριτος
1091 1272 1252 1332 formatum
1275 1274 1322 1332 est
1348 1276 1382 1333 ut
1405 1266 1471 1333 Ἐκ-

297 1365 404 1449 doctor,
440 1371 556 1430 delecta
585 1371 735 1432 Arcadum
767 1389 873 1430 manus
907 1361 957 1450 (cf.
986 1369 1061 1432 Xen.
1090 1369 1166 1430 Hist.
1195 1369 1246 1430 Gr.
1275 1370 1335 1430 VII
1363 1374 1392 1445 4,
1423 1373 1471 1431 22.

178 1511 181 1518 -
299 1471 349 1528 33.
375 1472 425 1530 36.
454 1471 483 1546 5,
509 1473 536 1530 3.
571 1468 700 1544 Hesych.
724 1489 746 1530 s.
770 1491 797 1531 v.
818 1461 1023 1549 Ἐπαρόηιοι),
1052 1472 1083 1529 et
1102 1462 1270 1548 Ἐκαὶριιος
1293 1461 1394 1550 (Hom.
1418 1469 1471 1531 Od.

298 1566 396 1624 XXIV
420 1559 508 1648 306).
554 1566 642 1626 Falso
673 1567 766 1643 igitur
794 1567 825 1625 iu
853 1567 933 1628 Plut.
956 1566 1028 1644 Lyc.
1053 1569 1103 1626 25.
1134 1568 1208 1629 Mor.
1233 1571 1294 1628 231
1312 1569 1340 1629 b.
1374 1570 1471 1628 241d

296 1657 501 1742 Παιδάρητος,
525 1665 597 1724 Mor.
624 1669 684 1724 191
702 1665 715 1724 t
736 1659 921 1742 Παιδάρετος
944 1665 1094 1724 scribitur.

385 1762 494 1822 Rarius
523 1763 626 1822 eodem
654 1763 741 1824 modo
769 1786 780 1822 ι
808 1765 840 1822 et
867 1787 886 1841 η
914 1763 1037 1823 confusa
1066 1766 1149 1840 sunt,
1183 1765 1271 1838 quale
1299 1763 1329 1822 iu
1360 1765 1473 1840 aliquot

297 1861 380 1920 codd.
410 1863 458 1920 est
485 1859 697 1940 Μελίσανδρον
724 1863 753 1920 II
779 1865 829 1938 69,
856 1865 871 1922 1
902 1879 956 1936 pro
985 1853 1204 1938 Μελήσανδρον
1233 1853 1315 1941 (cla
1339 1862 1370 1921 II
1394 1857 1472 1943 801)

299 1961 329 2018 et
352 1957 519 2038 Λυγκισταί
539 1961 715 2040 Λυγκισιῶν
739 1959 769 2020 ΙΙ
794 1963 845 2038 99,
869 1963 896 2020 2.
919 1958 962 2016 IV
984 1961 1034 2033 79,
1055 1961 1081 2018 2.
1109 1959 1160 2033 83,
1180 1959 1198 2016 2
1223 1979 1278 2034 pro
1301 1961 1475 2040 Λυγκησταί

298 2057 483 2136 Λογκησιῶν
502 2047 552 2138 (cf.
572 2056 674 2133 Steph.
694 2058 764 2134 Byc.
785 2060 815 2115 et
833 2057 1001 2134 Lyncestae
1020 2056 1099 2131 apud
1118 2055 1183 2117 niv.
1198 2057 1337 2116 XXXXV
1358 2061 1410 2134 30,
1430 2050 1471 2139 6).

297 2155 408 2214 llodem
432 2154 564 2230 pertinet
587 2155 783 2235 Ψαμμιιίχον,
806 2155 886 2231 quod
905 2156 936 2214 in
954 2155 1057 2213 multis
1076 2154 1164 2213 libris
1184 2155 1198 2212 Ι
1222 2158 1293 2227 104,
1317 2161 1331 2215 1
1352 2156 1473 2232 legitur,

297 2254 323 2312 si
355 2255 385 2311 in
418 2253 610 2314 celeberrimo
643 2255 732 2314 titulo
765 2253 803 2312 ad
836 2253 954 2314 Nubiae
986 2253 1085 2311 locum
1118 2252 1316 2312 Abu-Simbel
1350 2254 1472 2315 invento

297 2345 356 2434 (IA
387 2345 467 2433 482)
509 2353 701 2431 Ψαμμαιίχου
739 2350 918 2436 Ψαμματίχιμ
953 2352 985 2410 in
1017 2351 1275 2427 antepaenultima
1305 2356 1325 2411 ἆ
1364 2373 1419 2429 pro
1453 2377 1472 2430 ορ

297 2451 421 2529 habent,
446 2454 479 2509 nt
502 2450 613 2510 ibidem
633 2444 846 2526 Ἐλεφαντίναν
870 2455 900 2510 et
920 2444 1072 2522 Ἰαλύσιος.

200 2545 203 2551 ’
386 2548 549 2608 Praeterea
580 2549 708 2612 itacismi
740 2549 812 2609 vitio
845 2571 856 2607 ι
888 2568 943 2624 pro
976 2571 995 2607 ν
1026 2548 1169 2623 scriptum
1200 2552 1247 2608 est
1274 2549 1306 2607 in
1332 2549 1473 2633 μολίβδῳ,

299 2647 376 2724 quod
405 2645 526 2722 plurimi
555 2647 624 2707 libri
647 2648 661 2704 l
686 2651 736 2722 93,
761 2649 779 2707 5
804 2647 928 2723 habent,
956 2637 1006 2725 (cf.
1030 2643 1097 2704 OIA
1121 2644 1151 2704 ll
1175 2648 1247 2705 807.
1283 2645 1350 2707 add.
1375 2648 1472 2706 8341]

299 2737 356 2825 40)
386 2749 416 2805 et
444 2745 475 2804 iu
503 2745 702 2805 deterioribus
730 2745 814 2806 libris
843 2742 1014 2804 Παντακίον
1039 2742 1081 2801 VI
1105 2745 1134 2819 4,
1165 2746 1180 2800 1
1210 2763 1265 2819 pro
1294 2737 1473 2804 Hevroadoc

299 2835 490 2923 (Pantagyae
519 2844 595 2902 Med.
624 2845 687 2905 Pal.
717 2846 798 2904 Rom.
826 2843 924 2903 sched.
948 2841 1017 2900 Vat.
1040 2841 1071 2899 in
1096 2840 1185 2916 Verg.
1209 2840 1284 2900 Aen.
1307 2841 1355 2899 III
1381 2833 1473 2922 689);

299 2943 403 3001 eontra
425 2964 444 3001 ο
468 2961 521 3019 pro
545 2964 554 3000 ι
579 2941 610 3000 in
633 2941 795 3021 Μουνυχία
819 2960 872 3016 pro
897 2939 1052 3017 Μουνιχὶα
1081 2958 1117 2998 ex
1145 2939 1223 2997 false
1245 2939 1374 2999 nominis
1398 2941 1473 3000 deri·

297 3039 419 3098 vatione
447 3040 557 3116 ubique
584 3041 708 3117 irrepsit
734 3036 785 3120 (cf.
814 3037 882 3097 cia
910 3037 925 3094 I
954 3039 1026 3096 215.
1058 3039 1132 3096 279.
1168 3035 1211 3095 IV
1243 3040 1303 3096 191
1339 3058 1473 3115 quaeque

298 3138 449 3213 congessit
472 3139 622 3198 Meisterb.
642 3137 662 3210 ς’
682 3141 712 3214 8,
732 3140 749 3197 6
775 3139 806 3195 et
824 3135 942 3195 Ahrens
966 3135 997 3193 in
1016 3133 1090 3192 Mun.
1111 3133 1205 3194 Rhea.
1225 3135 1311 3194 XVII
1329 3157 1358 3211 p.
1380 3129 1473 3217 362),

300 3236 439 3295 similiter
456 3237 489 3295 in
507 3235 628 3312 optimis
648 3235 732 3294 libris
748 3234 827 3292 XIII
842 3236 893 3312 95,
912 3238 926 3292 1
950 3233 1089 3311 Θορικοῦ
1108 3250 1162 3307 pro
1184 3227 1315 3310 Θορικοῦ
1335 3225 1385 3313 (cf.
1405 3233 1473 3293 cla

300 3333 315 3391 I
340 3335 402 3392 189
419 3327 451 3412 a)
476 3334 507 3392 et
530 3327 715 3405 edrvogxss‘
731 3335 782 3409 80,
805 3333 823 3391 5
848 3353 902 3408 pro
927 3324 1048 3406 Φοδιιος,
1072 3349 1148 3406 quae
1173 3331 1237 3390 sola
1260 3332 1379 3391 aliunde
1403 3335 1473 3392 note

300 3433 346 3490 est
375 3430 502 3489 nominis
531 3432 639 3506 forma,
669 3435 699 3491 et
721 3432 753 3490 in
776 3432 865 3492 Laur.
890 3431 1087 3506 etquattuor
1110 3428 1309 3488 deterioribus
1332 3429 1375 3487 VI
1399 3432 1428 3503 5,
1455 3432 1470 3486 1

300 3526 463 3606 Μιληιίδαι
485 3549 539 3604 pro
561 3527 742 3607 Μοληιίδαι,
767 3529 792 3588 si
815 3529 847 3586 in
869 3528 986 3588 nomine
1011 3526 1132 3586 aliunde
1155 3544 1215 3585 non
1237 3527 1307 3585 noto
1330 3525 1403 3586 fides
1427 3530 1473 3586 est

299 3626 423 3702 reliquis
446 3626 540 3702 libris,
564 3626 616 3702 qui
636 3630 755 3702 praeter
774 3625 937 3686 Μυτιλίδαι
956 3627 995 3686 Μ.
1022 3629 1053 3684 et
1072 3622 1235 3684 Meletides
1255 3623 1337 3684 Cass.
1357 3625 1471 3700 Mosqu.

301 3727 428 3785 alteram
454 3726 581 3783 formam
609 3727 740 3784 tuentur.
786 3725 844 3783 Pro
872 3747 891 3783 ιι
915 3725 992 3784 falso
1016 3745 1041 3782 ει
1065 3724 1177 3782 habent
1199 3722 1269 3782 libri
1292 3724 1382 3800 longe
1405 3723 1472 3799 plu-

300 3825 369 3883 rimi
395 3824 428 3882 in
455 3813 610 3901 Πειράσιοι
636 3843 690 3899 pro
719 3817 867 3901 Πνροὶσιοι
895 3822 926 3880 II
955 3824 1005 3896 22,
1034 3823 1052 3881 3
1086 3812 1139 3902 (oi.
1167 3820 1265 3881 Strab.
1294 3842 1322 3896 p.
1349 3821 1412 3902 435
1443 3817 1473 3880 et

301 3923 403 3998 Steph.
432 3913 532 4001 Byz.);
559 3940 628 3978 nam
657 3920 817 3999 Hispanico
845 3921 927 3980 urbis
955 3913 1078 3980 ἐθνικόν
1106 3917 1268 3980 secundum
1296 3917 1398 3994 Steph.
1427 3922 1473 3978 est

300 4013 483 4101 Πειρασιεύς.

389 4122 425 4181 In
448 4118 552 4180 formis
576 4117 659 4177 verbi
682 4109 760 4197 κλῄω
785 4120 819 4176 ut
841 4117 872 4176 in
892 4118 992 4198 κλῇσις
1011 4108 1132 4198 κλῃσιός
1152 4114 1291 4175 omnibus
1310 4115 1383 4175 locis
1402 4133 1471 4191 pars

301 4221 446 4279 librorum
474 4238 499 4277 ει
528 4216 648 4275 habent.
694 4213 752 4273 Sed
781 4219 898 4275 veteres
928 4214 1045 4275 Atticos
1074 4216 1178 4293 κλῇσαι
1205 4213 1315 4273 dixisse
1342 4217 1473 4274 testatur

300 4317 427 4377 Photius
446 4335 468 4376 a.
488 4336 515 4376 v.
534 4315 672 4391 idemque
691 4311 727 4372 de
745 4312 809 4388 ipso
829 4314 882 4373 Th.
902 4312 1034 4372 traditur
1052 4312 1084 4371 in
1103 4309 1236 4373 Crameii
1255 4311 1364 4373 Anecd.
1385 4310 1438 4400 Ox.
1457 4310 1472 4368 I

300 4435 329 4490 p.
355 4418 416 4475 226
441 4406 493 4494 (cf.
516 4406 599 4490 κλήις
621 4414 653 4472 in
676 4411 744 4472 011
766 4413 796 4472 H
820 4416 893 4487 675,
917 4406 984 4493 44).

392 4511 450 4570 Pro
483 4531 497 4570 ε
528 4513 631 4570 contra
662 4510 808 4570 librorum
840 4510 1013 4570 memoriam
1047 4508 1166 4569 videtur
1196 4527 1222 4568 ει
1249 4508 1473 4568 rescribendum
