3322 5138
671 423 887 489 ...4,5...

192 586 331 645 omnibus
360 588 490 646 nummis
519 580 568 667 (cf.
593 587 685 647 Eckh.
710 588 811 648 Doctr.
839 607 918 648 num.
942 589 973 648 Π
1000 610 1027 664 p.
1054 592 1117 648 290
1130 581 1187 669 66.)
1216 588 1363 648 scribitur.

192 683 377 760 Scripturam
401 687 461 744 iam
486 703 539 745 suo
563 688 696 759 tempore
721 686 914 760 depravatam
937 687 1051 762 recepit
1074 687 1159 745 Diod.
1183 686 1240 744 XII
1265 688 1316 762 56,
1337 690 1364 746 7.

192 781 367 864 Λευκωνίρι,
400 787 435 842 66
468 787 515 842 666
542 785 620 860 apud
649 784 727 842 Plut.
755 785 828 842 Mor.
857 786 955 843 2456
982 787 1013 842 66
1040 784 1183 860 Polyaen.
1210 784 1285 842 VIII
1315 787 1364 857 65,

192 880 275 938 66166
299 881 332 937 II.
356 879 432 938 VIII
453 883 503 957 24,
524 885 542 940 3
567 882 670 956 habet3
694 881 876 957 reliquorum
899 882 1079 941 auctoritate
1102 882 1266 964 Λευκωνίῳ
1290 901 1365 941 com·

191 979 345 1053 probatur.
392 977 435 1038 Of.
463 972 604 1056 Τριόπιον
629 979 753 1056 Τριοκίοι
776 982 854 1055 apud
880 979 982 1055 Steph.
1005 980 1075 1056 Byr.

282 1076 381 1136 Unum
400 1079 544 1145 habemus
563 1100 574 1136 ι
592 1097 645 1152 pro
665 1101 684 1135 α
703 1077 806 1152 scripti
825 1079 1000 1152 exemplum.
1036 1077 1113 1134 Nam
1137 1077 1364 1152 inscriptionum

191 1174 371 1233 testimoniis
395 1169 478 1254 (OIA
501 1176 516 1233 I
541 1178 592 1234 42.
617 1177 668 1234 43.
691 1174 741 1233 DS
767 1167 834 1255 81),
857 1175 966 1250 quibus
990 1175 1135 1234 accedunt
1159 1175 1282 1234 Aristot.
1302 1176 1363 1234 Pol.

190 1271 219 1327 V
245 1275 286 1333 10
311 1294 341 1348 p.
368 1275 491 1332 1311b.
524 1273 622 1332 Strab.
649 1293 676 1347 p.
703 1274 780 1346 326,
813 1273 930 1331 facilius
959 1273 1118 1332 credideris
1146 1273 1364 1350 Lyncestarum

193 1389 295 1446 regem
316 1365 495 1450 Ἀρροιβυῐον
517 1375 656 1432 vocatum
681 1390 745 1429 esse
769 1389 858 1444 quem
877 1363 1056 1448 Ἆρριβαῖον,
1080 1374 1115 1429 66
1137 1370 1169 1428 in
1191 1370 1274 1429 codd.
1298 1371 1364 1430 ubi-

191 1488 249 1543 que
277 1469 397 1543 1661666.
444 1469 555 1530 Contra
582 1469 629 1528 vir
656 1467 908 1526 Lacedaemonius
936 1467 987 1542 qui
1014 1467 1090 1526 VIII
1119 1471 1169 1546 26,
1201 1472 1215 1526 1
1246 1470 1277 1528 in
1304 1488 1365 1528 om-

192 1565 280 1625 nibus
309 1567 392 1626 codd.
424 1563 599 1644 Θηραμένης
632 1568 767 1642 vocatur,
800 1566 922 1641 reliquie
955 1565 1027 1624 locis
1059 1566 1090 1623 in
1119 1564 1156 1624 It.
1185 1569 1216 1624 66
1243 1566 1305 1626 Ρ61.
1335 1569 1365 1624 66

192 1664 312 1739 saepius
350 1664 383 1722 iu
416 1663 492 1740 Aug.
533 1664 565 1721 66
598 1662 797 1721 deterioribus
826 1663 941 1739 aliquot
976 1659 1142 1741 Θηριμένης
1174 1664 1270 1737 audit,
1309 1665 1364 1724 hoc

192 1763 311 1820 nomine
334 1761 460 1819 discerni
483 1761 603 1819 videtur
621 1780 639 1818 6
658 1761 843 1820 Theramene
857 1760 910 1818 illo
931 1760 1116 1820 Atheniensi.
1150 1759 1193 1820 cf.
1216 1761 1372 1840 Θηρικλῆς,

179 1858 372 1937 ,Θηρίμαχος

279 1956 323 2014 VI
347 1959 399 2033 55,
425 1959 440 2014 1
466 1956 497 2013 in
521 1955 603 2016 codd.
626 1957 715 2032 longe
738 1955 875 2030 plurimis
899 1958 930 2014 et
953 1957 1073 2030 optimis
1093 1949 1280 2034 ‘Ynspsxldov
1303 1960 1363 2030 666,

193 2073 297 2113 verum
325 2057 372 2113 666
390 2047 594 2132 Ὑπεροχίδου,
622 2054 701 2129 quod
724 2052 814 2111 Valla
836 2053 925 2130 legit,
952 2053 1120 2112 derivatum
1144 2055 1182 2112 ab
1200 2048 1364 2132 ’Ἰκὲροχο6

191 2149 234 2210 Of.
255 2151 382 2211 Meinek.
407 2152 438 2209 in
460 2151 562 2210 Herm.
582 2151 628 2209 III
651 2172 680 2226 p.
700 2152 773 2209 372.
806 2147 918 2208 Contra
941 2149 1019 2207 idem
1042 2150 1151 2209 vitium
1173 2151 1203 2209 in
1227 2145 1365 2228 Κερκύροι

191 2251 588 2328 Κερκυραῖος·οοι666166616
613 2253 643 2308 66
668 2248 776 2323 ubique
800 2249 904 2306 contra
926 2247 1071 2304 librorum
1090 2265 1267 2306 consensum
1287 2249 1363 2324 Κορ-

193 2341 269 2424 κύρο
289 2349 475 2424 Κορκυραῖος
494 2347 717 2407 rescribendum
737 2363 802 2404 esse
821 2345 916 2404 evinci
937 2345 1048 2421 nequit.
1086 2344 1262 2420 Quanquam
1286 2345 1364 2403 enim

192 2445 223 2502 in
246 2447 376 2504 nummis
402 2441 451 2524 (cf.
476 2447 568 2506 Eckh.
593 2447 693 2505 Doctr.
716 2465 796 2502 num.
820 2442 851 2501 ΙΙ
874 2463 900 2518 p.
928 2437 1005 2521 178)
1030 2445 1061 2501 66
1083 2442 1114 2501 in
1137 2442 1234 2503 titulis
1258 2441 1364 2518 Corcy-

192 2544 268 2601 raeis
293 2541 344 2601 OD
370 2545 419 2603 90.
448 2543 498 2600 DS
523 2546 574 2602 67.
599 2545 639 2602 68
664 2545 695 2601 66
722 2543 753 2600 in
776 2540 886 2599 Atticis
911 2539 976 2598 CIA
1001 2540 1017 2598 Ι
1043 2543 1114 2601 179.
1142 2541 1173 2598 Π
1196 2541 1269 2599 968.
1297 2540 1364 2599 666.

192 2640 267 2698 491)
291 2641 368 2700 6666
391 2641 517 2700 formam
540 2661 648 2700 nomen
671 2639 763 2698 habet
786 2642 816 2697 66
839 2638 870 2696 in
890 2637 983 2696 Arist.
1002 2637 1057 2697 Av.
1080 2641 1164 2698 1463
1188 2657 1266 2696 6666
1289 2639 1364 2712 Κορ-

191 2741 299 2816 κυραῖα
326 2735 437 2797 τοιαυτὶ
464 2733 555 2817 πτερά
582 2739 693 2814 legitur
721 2737 810 2811 idque
838 2734 974 2810 agnoscit
1001 2734 1043 2792 ibi
1071 2735 1175 2810 schol,
1204 2737 1306 2793 tamen
1333 2735 1365 2792 in

192 2833 370 2895 6161149
391 2829 502 2916 (37514
522 2855 547 2895 6.
568 2831 634 2916 Ch.)
658 2836 704 2895 bis
723 2832 916 2910 Κερκυραίων
940 2831 1084 2908 scriptum
1108 2834 1154 2890 666
1177 2833 1208 2889 66
1228 2825 1365 2910 Κερκύρᾳ

191 2933 222 2990 in
245 2932 428 2993 Cumanudis
452 2934 545 2995 Inscr.
570 2936 696 3010 sepulcr.
716 2933 779 2992 Att.
801 2933 850 3005 14,
874 2949 961 3006 quem
985 2929 1109 2988 titulum
1133 2948 1158 2989 6.
1180 2932 1242 2988 373
1264 2947 1290 2989 a.
1312 2929 1363 2988 ch.

192 3027 382 3089 Cumanudes
397 3032 512 3089 tribuit.
536 3033 613 3090 Nam
628 3032 702 3090 haec
716 3031 852 3105 exempla
865 3049 924 3088 non
938 3030 1023 3086 tanto
1039 3027 1153 3086 distent
1162 3045 1188 3084 a.
1200 3027 1253 3084 Th.
1265 3031 1364 3086 aetate

192 3130 225 3185 66
247 3129 285 3186 66
310 3147 375 3187 eam
398 3129 473 3188 nihil
496 3131 675 3205 pertineant,
699 3148 797 3204 neque
818 3146 853 3185 ex
876 3145 935 3185 nno
959 3125 1127 3201 antiquiore
1149 3125 1238 3183 titulo
1263 3124 1364 3183 Attico

193 3223 260 3282 CIA
278 3226 293 3283 I
315 3229 375 3286 179
396 3229 550 3301 procerte
575 3227 712 3285 concludi
734 3229 834 3301 potest
856 3225 936 3301 apud
956 3223 1155 3284 Athenienses
1179 3227 1244 3282 tum
1268 3226 1364 3283 solum

193 3314 335 3402 Κορκύρυ
357 3325 387 3382 in
411 3344 466 3383 usn
487 3324 587 3382 fuisse.
625 3324 787 3384 Praeterea
805 3324 911 3382 eadem
929 3323 1024 3381 estin
1043 3325 1098 3382 hoc
1117 3324 1235 3389 nomine
1253 3323 1364 3382 vocalis
1472 3359 1475 3364 -

192 3421 320 3480 variatio
335 3425 425 3497 atque
440 3423 471 3480 in
486 3415 662 3501 Ἐρχομενός
677 3414 850 3500 Ὀρχομενός
865 3412 949 3501 (CIA
963 3420 992 3478 II
1009 3423 1060 3480 21.
1081 3423 1155 3482 332.
1174 3420 1218 3479 OS
1234 3423 1296 3480 488
1314 3413 1364 3500 Α),

193 3511 360 3595 Κρεμμυών
383 3513 553 3596 Κρομμυών
576 3512 691 3599 (Strab.
714 3541 742 3595 p.
768 3523 840 3580 280.
865 3521 975 3580 Herod.
998 3519 1013 3577 Ι
1038 3522 1089 3595 22,
1113 3513 1169 3598 22)
1196 3512 1365 3595 Τροφώνιος

78 3683 84 3693 ⁸
195 3610 253 3691 (OS
274 3609 354 3694 425)
376 3609 557 3692 Τροφώνιος.
574 3643 578 3653 ·
596 3615 670 3676 Oum
691 3617 787 3694 igitur
810 3617 922 3678 talibus
945 3619 1113 3676 cautionem
1136 3634 1201 3674 6666
1225 3615 1365 3673 adhiben-

193 3711 260 3769 dam
279 3716 433 3788 appareat,
456 3732 514 3772 666
533 3714 639 3790 magis,
662 3716 742 3790 quod
764 3709 923 3794 Τροζήνιος
946 3717 993 3774 666
1013 3716 1044 3772 in
1063 3713 1131 3772 GIA
1150 3711 1181 3770 ΙΙ
1201 3714 1274 3771 614.
1297 3711 1363 3770 add.

194 3810 287 3868 8346
321 3812 372 3869 57.
401 3812 443 3868 58
478 3803 528 3889 (61.
556 3811 598 3870 IA
633 3808 697 3893 70),
728 3813 796 3872 ideo
827 3817 943 3872 certum
970 3832 1035 3872 6666
1067 3815 1208 3887 putamus
1241 3810 1364 3868 eandem

194 3907 321 3966 nominis
354 3907 480 3972 formam
509 3909 564 3967 Th.
598 3909 779 3970 reddendam
812 3929 889 3986 esse3
922 3929 991 3967 nam
1023 3908 1164 3984 pauciora
1195 3909 1265 3965 6666
1292 3905 1365 3964 haec

193 4005 328 4080 exempla
351 4008 381 4063 66
405 4006 433 4063 in
458 4006 549 4065 titulo
573 4006 672 4066 lonico
697 4008 770 4066 satis
794 4008 916 4083 antiquo
940 3997 1020 4086 (350
1043 4025 1070 4064 6.
1091 3995 1158 4085 Ch.)
1182 4003 1232 4061 DS
1254 4006 1302 4076 77,
1325 4005 1363 4062 19

195 4096 365 4179 Τροιζήνιος
392 4106 439 4162 666
467 4107 499 4162 66
524 4103 557 4161 16
585 4104 674 4163 titulo
703 4104 961 4164 Halicarnassensi
985 4103 1085 4162 Attice
1114 4102 1224 4176 scripto
1254 4103 1364 4160 saeculi

193 4201 280 4274 primi
303 4203 352 4261 vel
375 4203 499 4262 alterius
524 4222 550 4262 6.
574 4203 625 4263 ch.
650 4202 697 4261 DS
722 4205 784 4262 372
812 4203 983 4281 Τροιζῆνος;
1006 4204 1162 4276 praeterea
1185 4201 1216 4258 in
1235 4201 1364 4258 nummis

196 4300 268 4358 TPO
292 4304 322 4360 et
348 4302 535 4360 TPOIZHN
553 4292 663 4381 (Eckh.
684 4301 786 4361 Doctr.
808 4321 888 4360 num.
912 4299 942 4358 II
961 4320 988 4375 p.
1010 4291 1097 4376 291).
1141 4298 1243 4356 Etiam
1266 4299 1364 4356 minus

193 4398 336 4470 potatur
364 4393 548 4474 Σεκυῶνιος,
578 4399 656 4475 quod
684 4402 731 4458 est
757 4399 789 4457 in
812 4399 856 4457 IA
881 4401 930 4457 70.
957 4396 1023 4454 cdd.
1049 4398 1089 4453 27
1115 4415 1140 4454 6.
1164 4415 1187 4455 6.
1214 4399 1286 4470 107,
1311 4396 1364 4454 Τ6.

194 4495 379 4555 inferendum
403 4516 481 4572 esse3
504 4516 574 4555 nam
593 4490 759 4569 Σικυώνιος
782 4500 828 4556 666
850 4497 882 4554 in
905 4495 1004 4571 quarti
1024 4496 1135 4553 saeculi
1155 4495 1243 4554 titulo
1265 4497 1364 4554 Attico
