3322 5138
788 411 1007 476 ..30-

309 575 358 636 ιιαλ
386 571 423 638 οὐ
451 570 630 655 βουλόμενος
660 573 841 654 ‘quanquam
868 572 994 636 invitus'
1023 578 1124 638 valere
1158 578 1257 655 docui,
1290 579 1325 636 ut
1351 575 1401 637 καλ
1429 572 1485 639 οὐκ

308 672 423 734 ἐθέλον
445 675 533 736 Hom.
556 675 591 736 Il.
614 673 657 733 IV
683 677 756 736 300.
786 672 841 733 Od.
864 674 894 732 Π
920 678 984 735 110
1007 677 1038 734 ct
1060 677 1092 734 in
1116 676 1266 736 sententia
1288 676 1487 735 condicionali

308 766 348 850 μὴ
373 767 553 852 βουλόμενος
571 773 649 834 Plat.
668 773 762 849 Legg.
782 774 874 831 susc
897 772 982 848 dixit,
1006 793 1073 833 curn
1092 773 1252 834 Classenus
1277 775 1362 832 nullo
1384 792 1485 833 neces-

308 871 398 932 sitate
426 875 544 932 coactus
573 892 641 931 eum
668 872 766 933 locum
795 874 898 929 contra
925 890 1015 946 quarn
1044 873 1207 932 secundum
1230 872 1400 948 legitimum
1426 891 1486 930 eer-

309 969 405 1028 monis
424 989 511 1030 usum
529 969 725 1046 interpretari
742 969 838 1028 malit
865 967 1000 1045 Uterque
1019 989 1037 1030 a
1055 990 1104 1030 me
1123 970 1264 1030 dissentit
1278 970 1315 1030 de
1329 969 1374 1026 IV
1390 972 1440 1044 63,
1457 974 1485 1042 1,

308 1066 361 1126 ubi
388 1067 628 1144 interpunctione
656 1070 726 1143 post
752 1060 812 1143 ἤδη
839 1065 939 1141 posita
962 1061 1112 1146 φοβεροὺς
1134 1060 1283 1145 παρόντας
1301 1059 1486 1144 Ἀθηναίους

309 1158 365 1244 (=
387 1159 442 1243 τὴν
465 1168 599 1246 φοβεραν
619 1160 791 1244 Ἀθηναίων
814 1157 995 1244 παρουσίαν)
1020 1165 1123 1226 eodem
1147 1166 1234 1226 modo
1259 1165 1371 1224 dictum
1395 1171 1485 1240 atque

307 1256 376 1335 τοὺς
396 1257 579 1341 Ἀθηναίους
602 1257 747 1344 μεγάλους
769 1257 963 1342 γιγνομένους
982 1262 997 1320 Ι
1018 1265 1068 1340 23,
1089 1266 1107 1322 6
1133 1257 1184 1341 (cf.
1208 1263 1326 1339 reliqua
1349 1263 1485 1338 exempla

308 1379 400 1437 supra
419 1357 526 1444 allate)
550 1383 605 1440 pro
629 1362 816 1439 appositione
840 1361 948 1438 accepi,
972 1362 1025 1420 sed
1047 1365 1156 1423 neuter
1179 1378 1300 1422 causam
1324 1362 1411 1420 affert
1434 1379 1485 1418 cur

307 1460 384 1519 ratio
412 1481 431 1520 a
458 1480 505 1520 me
534 1461 622 1536 inita,
655 1477 731 1535 quae
765 1460 796 1518 et
824 1458 990 1517 sententiae
1024 1459 1173 1518 satisfacit
1200 1463 1232 1518 et
1262 1458 1484 1536 grammaticae,

308 1557 458 1617 reicienda
490 1559 543 1636 sit,
576 1559 635 1618 nisi
666 1555 745 1631 quod
777 1554 967 1630 illegitimam
998 1557 1083 1615 illam
1111 1557 1263 1617 licentiam
1290 1557 1339 1614 hio
1367 1555 1484 1614 admitti

308 1672 396 1728 posse
420 1655 590 1730 opinantur.
628 1651 749 1717 Maioris
774 1653 874 1710 autem
898 1655 1042 1713 momenti
1066 1673 1155 1730 quam
1179 1655 1227 1713 hic
1249 1655 1333 1713 locus
1357 1653 1395 1712 ad
1418 1671 1484 1712 con·

308 1751 485 1811 firmandam
508 1753 584 1813 hanc
608 1751 777 1828 opinionem
801 1752 882 1809 esset
904 1751 964 1809 VII
989 1753 1040 1829 66,
1064 1754 1082 1810 3
1107 1746 1213 1830 ἄνδρες
1236 1746 1292 1832 γὰρ
1315 1747 1436 1811 ἐπειδὰν
1460 1739 1484 1834 ᾧ

309 1841 424 1919 ἀξιοῦσι
448 1845 589 1929 προύχειν
612 1849 789 1922 actuosum,
812 1841 845 1906 τό
867 1840 895 1926 γ’
916 1836 1083 1910 ὑπόλοιπον
1103 1843 1202 1910 αὐτῶν
1218 1853 1270 1928 τῆς
1290 1843 1377 1926 δόξης
1397 1841 1486 1907 dode-

309 1943 444 2026 νέστερον
467 1941 538 2008 adad
562 1945 669 2008 ἑαυτοῦ
691 1943 768 2006 ἐστιν
790 1937 809 2023 ἢ
834 1944 860 2004 εἰ
882 1938 951 2022 μηδ’
981 1938 1127 2029 ᾠήθησαν
1154 1942 1185 2008 τὸ
1214 1949 1345 2026 πρῶτον,
1373 1942 1423 2004 καὶ
1446 1947 1485 2026 τῷ

307 2037 377 2122 παρ’
404 2041 507 2106 ἐλπίδα
533 2049 586 2107 τοῦ
613 2039 781 2124 αὐχήματος
808 2036 1005 2119 σφαλλόμενοι
1033 2043 1083 2104 καί
1105 2039 1185 2123 παρὰ
1209 2038 1294 2122 ίσχδυ
1316 2046 1368 2120 τῆς
1391 2035 1486 2102 δυνό-

308 2162 384 2220 μεως
407 2138 587 2220 ἐνδιδόασιν,
610 2146 635 2204 si
661 2163 764 2204 verum
788 2143 869 2199 esset
893 2141 972 2216 quod
996 2141 1156 2202 Classenus
1180 2143 1347 2218 contendit,
1370 2142 1486 2201 concin-

308 2242 412 2302 nitatis
437 2263 528 2304 causa
549 2263 610 2303 non
632 2243 722 2301 licere
745 2241 785 2322 τῷ
807 2230 877 2314 παρ’
904 2235 1008 2298 ἐλπίδα
1031 2241 1135 2301 eodem
1159 2243 1245 2301 modo
1270 2242 1403 2316 accipere
1426 2258 1485 2315 quo

307 2339 350 2396 IV
375 2343 427 2417 62,
452 2344 469 2400 3
495 2341 691 2417 dictumest,
721 2339 773 2398 sed
796 2330 866 2414 παρ’
893 2331 997 2395 ἐλπίδα
1019 2341 1071 2398 τοῦ
1095 2332 1261 2417 αὐχήματος
1284 2339 1399 2414 pariter
1421 2339 1486 2396 iun-

306 2439 439 2512 gendum
469 2457 534 2497 esse
562 2442 651 2513 atque
679 2428 759 2513 παρὰ
787 2427 873 2512 ίσχδν
899 2435 950 2510 τῆς
980 2431 1134 2514 δυνάμεως
1165 2429 1216 2516 (cf.
1241 2437 1267 2493 V
1295 2439 1345 2511 14,
1376 2427 1418 2516 1),
1452 2439 1484 2495 et

306 2535 415 2592 mirum
441 2536 590 2612 estquod
614 2537 667 2594 hoo
691 2535 755 2594 loco
778 2533 859 2590 illius
883 2531 1021 2591 licentiae
1045 2534 1202 2593 immemor
1230 2535 1266 2592 de
1295 2532 1420 2592 delendo
1443 2535 1483 2615 τῷ

306 2632 357 2689 ille
390 2634 516 2709 cogitat,
547 2653 628 2711 cum,
666 2632 692 2692 si
725 2629 829 2691 eadem
861 2629 977 2688 ratione
1010 2649 1069 2706 qua
1100 2631 1144 2689 IV
1178 2635 1233 2706 63,
1269 2635 1296 2690 l.
1336 2632 1364 2689 V
1394 2634 1422 2707 7,
1457 2633 1485 2692 2.

178 2777 184 2790 .
307 2728 381 2788 VIII
408 2734 479 2806 105,
504 2734 523 2792 2
548 2751 621 2792 usus
646 2736 692 2792 est
714 2732 753 2812 σῷ
776 2749 844 2788 cum
866 2720 1064 2804 σφαλλόμενοι
1095 2730 1253 2806 iungatur,
1281 2728 1366 2787 nulla
1388 2731 1484 2786 muta-

306 2829 388 2888 tione
412 2847 486 2905 opus
511 2830 558 2890 sit.
597 2829 655 2889 Sed
678 2825 886 2888 conciunitatis
910 2824 988 2882 ratio
1012 2825 1068 2884 hoo
1091 2827 1155 2887 loco
1178 2847 1238 2887 non
1260 2829 1380 2886 tantum
1403 2827 1485 2885 valet

307 2929 451 3000 quantum
479 2927 639 2988 Classenus
667 2928 763 3003 putat.
814 2923 893 2982 Nam
920 2922 993 2980 alibi
1022 2942 1139 3000 quoque
1167 2926 1247 3000 apud
1279 2921 1485 2999 Thucydidem

306 3024 433 3083 similem
457 3026 616 3086 verborum
641 3021 844 3097 aequabilium
866 3021 1089 3097 inaequabilem
1113 3026 1295 3082 structuram
1319 3022 1482 3097 deprehen-

305 3122 412 3198 dimus,
437 3124 522 3182 velut
545 3122 592 3180 III
612 3124 664 3196 82,
683 3121 702 3177 8
728 3111 861 3197 εὐσεβείᾳ
884 3114 990 3195 μὲν..
1011 3167 1017 3179 .
1043 3113 1200 3200 εὐπρεπείᾳ
1223 3115 1256 3178 δι’
1279 3121 1310 3178 et
1329 3118 1372 3176 VI
1393 3120 1443 3192 17,
1464 3120 1482 3175 3

305 3215 337 3277 ἐκ
360 3223 412 3279 τοῦ
436 3216 529 3298 λέγων
550 3218 668 3277 πείθειν
692 3208 711 3293 ἢ
736 3209 906 3290 στασιάζων,
931 3221 962 3276 et
981 3218 1171 3296 Thucydides
1194 3216 1294 3277 verbis
1317 3219 1370 3277 τοῦ
1394 3209 1484 3294 αὐγή-

306 3336 395 3391 ματος
413 3310 612 3393 σφαλλόμενοι
631 3313 820 3390 εοροιλοευιο
838 3308 960 3372 ίπειδδιν
980 3302 1003 3397 ᾧ
1022 3308 1138 3386 ἀξιοῦσι
1156 3308 1297 3394 προύχειν
1314 3316 1483 3373 κολουθῶσι

306 3412 487 3470 sententiam
515 3417 653 3472 accurate
680 3411 805 3470 reddere
831 3413 939 3471 maluit
961 3432 1051 3489 quam
1075 3414 1288 3473 vocabulorum
1310 3412 1480 3469 iuncturam

306 3511 499 3584 sequentibus
524 3513 739 3587 congruentem
763 3529 950 3586 comparare,
976 3530 1070 3587 eaque
1093 3530 1131 3570 ne
1153 3512 1185 3569 in
1209 3509 1299 3570 simili
1323 3509 1483 3568 verborum

305 3606 402 3666 forma
430 3628 485 3669 sua
514 3613 618 3684 sponte
648 3610 819 3683 exsisteret,
848 3609 950 3667 addito
978 3611 1018 3690 τῷ
1043 3608 1142 3668 effecit
1165 3612 1200 3666 ut
1222 3599 1291 3684 παρ’
1318 3602 1421 3665 ἐλπίδα
1445 3607 1483 3664 ab

305 3705 477 3783 insequenti
499 3709 551 3767 τοῦ
575 3701 743 3786 αὐχήματος
766 3707 997 3782 disiungeretur.
1037 3705 1112 3765 (lum
1134 3707 1230 3783 igitur
1254 3725 1290 3764 ex
1313 3705 1385 3765 locis
1405 3707 1483 3763 Thu-

305 3804 437 3880 cydideis
452 3805 637 3882 quiquidem
653 3805 860 3864 consentiente
874 3805 1019 3864 librorum
1034 3809 1065 3864 et
1081 3805 1321 3865 testimoniorum
1340 3804 1484 3861 memoria

306 3901 411 3961 traditi
435 3906 506 3961 sunt
528 3903 629 3961 nullus
654 3902 774 3962 steterit
796 3903 869 3978 quin
893 3902 1056 3960 secundum
1079 3902 1246 3978 legitimam
1269 3901 1387 3961 dicendi
1415 3921 1483 3960 oon·

306 4000 496 4059 suetudIncm
511 3999 653 4076 explicari
666 3999 771 4076 possit,
789 3999 955 4075 plancium
975 4003 1074 4058 actum
1093 4002 1140 4059 est
1159 4001 1195 4061 de
1214 4018 1273 4058 uno
1293 4001 1324 4058 et
1343 4002 1482 4074 suspecto

305 4097 357 4154 illo
377 4097 512 4158 Platonis
532 4100 667 4175 exemplo
686 4099 776 4174 idque
796 4098 1003 4159 emendatione
1027 4117 1115 4174 egere
1139 4101 1273 4173 apparet.
1310 4097 1417 4173 Itaque
1439 4097 1483 4154 ibi

306 4197 359 4253 aut
387 4188 461 4255 εἶναι
490 4198 559 4272 post
586 4190 687 4273 ἆρίστη
715 4195 884 4255 addendum
912 4199 974 4272 est,
1006 4215 1082 4272 quae
1109 4196 1204 4271 proba
1232 4198 1279 4254 est
1307 4195 1481 4255 recentioris

305 4312 411 4352 manus
439 4293 469 4351 in
498 4294 560 4355 cod
588 4293 662 4353 Ven.
691 4295 722 4350 Σ
746 4299 915 4354 correctura
943 4296 1056 4371 optime
1086 4294 1263 4353 conveniens
1292 4294 1330 4351 ad
1359 4293 1482 4352 Theaet.

308 4392 400 4450 170b
431 4384 486 4451 οὖα
514 4386 590 4475 όίλλφ
618 4413 657 4474 τῳ
686 4389 880 4470 διαφέροντας
906 4385 926 4472 ἢ
953 4394 993 4476 τῷ
1022 4388 1132 4451 εἰδέναι
1165 4394 1196 4450 et
1223 4390 1259 4449 de
1289 4392 1359 4466 Rep.
1390 4393 1483 4450 501a

306 4484 397 4573 τούτῳ
421 4482 460 4548 διν
479 4483 573 4562 εὐθὺς
591 4493 650 4550 τῶν
667 4485 765 4549 όλλων
784 4488 971 4570 διενέγκοιεν,
993 4492 1033 4572 τῷ
1052 4482 1123 4566 μήτε
1141 4481 1260 4548 ἰδιώτου
1279 4480 1350 4565 μήτε
1369 4483 1482 4558 πόλεως
