3322 5138
796 417 1012 481 ..26-

315 587 493 666 graphicum
522 604 613 662 supra
646 585 779 644 allatum.
832 582 1021 659 Thucydides
1055 585 1155 642 autem
1188 581 1262 642 adeo
1294 603 1354 642 non
1385 585 1495 644 vitavit

316 685 536 746 coniunctirum
565 686 633 760 post
661 675 742 754 ὅπως
769 682 801 740 'm
829 681 993 740 enuntiatis
1020 682 1140 758 proprie
1169 681 1323 756 finalibus,
1355 683 1373 742 ἰ.
1402 701 1427 742 e.
1455 684 1493 742 iis

316 801 392 860 quse
420 801 481 843 non
507 801 526 840 a
553 782 644 841 verbo
673 779 798 839 ournndi
825 781 873 838 vel
903 779 1078 855 providendi
1105 779 1249 856 pendent,
1277 783 1312 838 ut
1339 782 1435 840 futuri
1462 782 1494 840 in

315 882 428 942 talibus
455 881 570 940 nullum
601 880 681 956 apud
709 899 778 938 eum
807 881 904 938 exstet
937 879 1105 954 exemplum
1137 877 1216 953 quod
1249 877 1373 954 quidem
1406 880 1492 939 libris

317 980 570 1042 consentientibus
590 978 736 1036 traditum
757 977 804 1037 sit.
841 977 919 1036 Nem
938 975 997 1033 VII
1016 977 1068 1053 32,
1089 979 1104 1034 1
1131 974 1239 1048 Νικίας
1262 970 1493 1056 προπυθόμενος

316 1077 421 1158 πέμπει
455 1075 484 1150 ἐς
515 1079 575 1137 τῶν
603 1077 735 1134 Σικελῶν
766 1067 836 1146 τούς
867 1067 922 1151 τὴν
954 1072 1058 1134 δίοδον
1085 1071 1204 1152 ἔχοντες
1229 1119 1235 1132 .
1259 1120 1266 1134 .
1290 1116 1312 1149 .,
1343 1069 1425 1146 ὅπως
1452 1069 1491 1153 μὴ

317 1172 502 1256 διοιφρήσωσι
520 1167 591 1247 τοὺς
609 1173 777 1251 πολεμίους,
796 1166 869 1234 itt&
889 1166 1100 1249 ξυστραφέντες
1122 1164 1275 1231 κωλύσωσι
1298 1170 1429 1256 διελθεῖν
1442 1175 1492 1249 M,

316 1278 366 1354 qui
399 1277 481 1336 solus
514 1292 616 1334 veram
649 1272 829 1348 scripturam
865 1269 1010 1343 servavit,
1047 1269 1268 1330 coniunctivum
1305 1263 1491 1348 διαφρύσωσι

315 1377 407 1435 habet
440 1367 563 1454 (reliqui
591 1362 772 1448 ὃιαφήσονσι
800 1372 921 1446 practer
949 1361 1100 1446 ἀφήσουσι
1129 1367 1180 1428 Ar.
1210 1367 1277 1427 Chr.
1306 1360 1370 1449 K),
1404 1389 1492 1445 quem

315 1493 420 1532 verum
440 1490 506 1531 esse
525 1489 560 1528 eo
580 1468 773 1527 confirmatur
792 1467 871 1544 quod
891 1469 922 1525 in
946 1467 1040 1526 altero
1065 1466 1213 1526 enuntiati
1236 1466 1334 1526 finalis
1357 1467 1491 1526 membro

315 1565 468 1631 κωλύσωσι
492 1567 598 1643 optimi
621 1566 691 1624 libri
714 1567 750 1625 It.
775 1565 843 1626 Vnt.
866 1565 955 1624 Leur.
979 1563 1057 1640 Aug.
1082 1565 1122 1624 M.
1145 1584 1183 1625 m.
1207 1565 1338 1623 tuentur.
1373 1563 1492 1622 Pariter

315 1669 374 1728 VH
399 1671 450 1741 39,
475 1670 492 1725 2
522 1657 650 1724 κελεύειν
678 1657 722 1723 ὅτι
750 1656 867 1740 τάχιστα
893 1655 949 1740 τὴν
976 1655 1089 1743 σἰγορᾶν
1112 1656 1345 1740 μεταστήσαντος
1367 1659 1415 1721 ἐπὶ
1437 1655 1492 1738 τὴν

316 1760 472 1827 θάλασσαν
490 1761 608 1840 κομίσαι
629 1801 691 1834 ...,
710 1754 793 1833 ὅπως
812 1807 818 1820 .
834 1805 862 1822 ..
881 1753 1163 1838 ἆριστοποιήσωνται
1186 1757 1237 1820 καὶ
1255 1753 1295 1820 δι’
1317 1752 1418 1840 ὄλύρον
1438 1805 1465 1818 ..
1483 1802 1490 1816 .

316 1862 480 1942 ἐπιχειρῶσι
504 1860 721 1920 coniunctivum
745 1851 1026 1937 ἄριστοποιύσωνται
1049 1859 1118 1919 Vat.
1143 1859 1206 1918 Pal.
1230 1858 1319 1918 Lanr.
1345 1879 1384 1918 m.
1407 1877 1492 1935 prae-

218 2039 221 2044 ,
316 1963 388 2022 bent
410 1961 448 2019 ad
472 1956 637 2038 ἐπιχειρῶσι
660 1957 940 2018 convenientiorem.
986 1955 1023 2016 In
1046 1957 1092 2016 his
1115 1958 1211 2034 igitur
1235 1957 1397 2017 enuntiatis
1420 1958 1493 2015 fina-

316 2060 394 2119 libus
422 2077 490 2118 cum
518 2057 723 2117 coniunchvus
752 2056 862 2133 ubique
892 2055 1100 2115 rescribendus
1128 2055 1182 2134 sit,
1210 2057 1241 2114 in
1268 2055 1392 2132 reliquis
1416 2056 1493 2130 opti-

315 2178 432 2218 morum
461 2156 612 2232 sequenda
640 2157 687 2214 est
713 2154 858 2214 librorum
886 2153 1059 2214 auotoritas.
1111 2154 1154 2214 Ut
1185 2156 1287 2213 sutem
1314 2146 1396 2225 ὅπως
1424 2173 1491 2212 cum

316 2256 395 2314 nudo
415 2255 602 2315 coniunctivo
622 2253 750 2329 iungens
770 2252 811 2310 sic
830 2252 861 2310 in
880 2251 1037 2311 sententiis
1052 2251 1172 2327 proprie
1186 2251 1327 2311 finalibus
1346 2252 1492 2325 futurum,

316 2356 395 2431 quod
413 2354 444 2413 in
462 2353 570 2412 iisdem
589 2352 669 2427 apud
688 2350 818 2426 tragicos
837 2351 1025 2410 rarissimum
1043 2351 1099 2425 est,
1123 2351 1281 2410 excludens
1301 2349 1490 2426 Thucydides

315 2455 443 2513 maxime
466 2453 504 2512 ad
526 2450 709 2527 tragicorum
733 2468 821 2509 usum
845 2467 877 2508 se
900 2449 1075 2526 applicarit,
1104 2449 1155 2508 sed
1184 2450 1229 2508 ite
1251 2449 1339 2508 utin
1361 2453 1489 2526 utroque

316 2569 425 2627 genere
449 2550 541 2609 etiam
565 2549 745 2608 severiorem
769 2565 800 2607 se
823 2547 1017 2624 praestiterIt.

404 2645 478 2705 Cum
502 2645 598 2722 igitur
621 2645 651 2703 in
676 2644 856 2706 coniunctivi
879 2644 976 2704 finalis
1002 2664 1057 2703 usu
1087 2663 1227 2721 magnam
1251 2643 1436 2721 Thucydidei
1460 2649 1491 2705 et

315 2745 423 2822 tragici
451 2743 595 2804 sermonis
624 2743 802 2803 affinitatem
830 2743 1046 2819 invenerimus,
1074 2743 1166 2802 etiem
1194 2742 1318 2819 reliquis
1341 2744 1414 2803 locis
1438 2744 1491 2802 ubi

316 2846 421 2903 contra
443 2861 629 2903 communem
652 2840 823 2900 Atticorum
846 2841 962 2901 dicendi
984 2841 1229 2900 consuetudinem
1252 2833 1291 2898 ῶν
1315 2860 1333 2898 a
1355 2839 1490 2900 coniunc-

276 2985 281 2994 ·
315 2943 377 3002 tivo
406 2942 493 3000 abest
519 2960 555 3000 ex
583 2939 764 3015 tragicorum
792 2939 920 2998 dictione
944 2938 1063 2998 videtur
1086 2939 1304 2999 decernendum
1329 2957 1394 2998 esse
1417 2959 1490 2997 num

314 3040 459 3099 librorum
486 3037 630 3096 memoria
659 3037 805 3097 servande
833 3036 881 3095 eit.
932 3037 996 3095 Iam
1024 3057 1095 3098 uero
1124 3056 1192 3097 oum
1219 3035 1382 3096 identidem
1411 3038 1489 3112 apud

315 3136 520 3213 Thucydidem
547 3131 629 3213 μέχρι
658 3123 694 3195 οὗ
722 3155 789 3193 cum
817 3133 895 3193 nudo
926 3136 1114 3196 coniunctiro
1147 3138 1267 3212 legatur
1299 3128 1360 3215 (III
1386 3137 1436 3208 28,
1461 3138 1488 3194 2.

314 3233 357 3292 IV
384 3236 434 3308 16,
459 3236 487 3290 2.
521 3234 573 3308 41,
598 3235 625 3290 1.
660 3233 710 3305 46,
735 3222 770 3311 3)
800 3233 831 3289 et
858 3232 962 3292 eodem
989 3233 1077 3293 modo
1106 3230 1186 3312 μέχρι
1214 3233 1230 3292 Ι
1261 3236 1331 3306 137,
1362 3235 1379 3290 2
1409 3228 1489 3312 μέχρι

315 3332 407 3402 πλοῦς
434 3324 566 3408 γένηται,
595 3348 655 3389 non
683 3328 786 3388 dubito
816 3329 889 3406 quin
916 3331 971 3390 hoc
999 3333 1036 3390 ab
1064 3333 1129 3408 ipso
1154 3333 1298 3408 scriptore
1322 3333 1489 3407 profectum

316 3429 369 3503 slt,
396 3447 463 3486 oum
488 3427 577 3502 Soph.
601 3428 678 3488 Phil.
704 3431 777 3489 764.
807 3429 911 3490 Trnoh.
937 3431 1009 3488 148.
1037 3429 1085 3490 Αἰ.
1111 3432 1173 3490 555
1202 3432 1276 3490 item
1299 3425 1353 3502 ἕως
1376 3431 1489 3489 nudum
1596 3511 1601 3518 Ι

316 3524 535 3585 coniunctivum
564 3545 663 3585 secum
689 3528 812 3602 habeat,
841 3545 937 3602 neque
960 3527 1109 3587 assentior
1132 3526 1166 3587 Iu
1188 3525 1356 3601 Dindorfio,
1384 3528 1489 3604 quiin

315 3623 409 3701 praef.
437 3624 475 3682 ad
498 3623 584 3682 Diod.
607 3623 623 3680 I
650 3645 678 3699 p.
702 3625 817 3682 XXVII
845 3628 966 3684 auctore
989 3624 1170 3684 Schneidero
1198 3624 1237 3682 nd
1260 3623 1387 3685 Aristot.
1409 3626 1488 3686 Hist.

316 3719 362 3782 an.
390 3724 446 3783 vol.
476 3722 519 3780 IV
547 3743 575 3798 p.
606 3725 668 3781 169
697 3719 779 3801 μέχρι
806 3717 882 3782 ῶνΙ
913 3726 984 3799 137,
1014 3727 1032 3782 2
1065 3723 1284 3782 restituendum
1312 3741 1376 3782 esse
1405 3722 1489 3783 dixit.

315 3819 428 3880 Eodem
452 3821 539 3880 modo
562 3820 633 3899 πρίν
657 3841 724 3880 cum
747 3823 826 3882 nudo
850 3822 1050 3895 coniunctivo,
1074 3820 1155 3897 quod
1179 3821 1222 3878 VI
1249 3822 1297 3899 10,
1322 3822 1349 3880 5.
1384 3823 1435 3896 29,
1460 3825 1488 3881 2.

317 3922 367 3996 38,
393 3924 420 3979 2.
452 3919 527 3978 VIII
552 3922 581 3994 9,
607 3923 633 3981 1.
659 3923 676 3980 3
701 3921 825 3996 legitur,
853 3922 978 3980 tuentur
1001 3918 1090 3995 Soph.
1114 3919 1191 3978 Phil.
1218 3921 1289 3980 917.
1318 3918 1390 3980 Ant.
1415 3921 1488 3979 619.

316 4019 422 4077 Trach.
443 4020 516 4080 608.
539 4018 586 4080 Αἰ.
607 4020 679 4078 742.
701 4021 774 4079 965.
798 4021 870 4079 Eur.
889 4017 939 4078 Or.
961 4020 1054 4076 1218.
1087 4017 1192 4092 Neque
1211 4017 1308 4092 magis
1332 4018 1488 4092 suspectus

314 4116 411 4176 videri
441 4117 530 4175 debet
562 4115 642 4174 idem
673 4116 778 4176 modus
808 4121 878 4192 post
909 4134 1073 4192 pronomen
1104 4115 1265 4175 relativum
1298 4113 1341 4171 IV
1375 4116 1425 4191 17,
1459 4116 1487 4172 2.

319 4217 368 4288 18,
397 4216 426 4290 4,
459 4233 548 4290 quem
582 4213 708 4273 eundem
741 4215 834 4273 habes
866 4215 898 4272 in
930 4212 1036 4273 Aesch.
1066 4213 1151 4272 llum.
1182 4216 1254 4274 211.
1288 4213 1394 4288 fragm.
1424 4213 1487 4270 238

316 4303 431 4391 (Dind.)
462 4310 550 4387 Soph.
575 4310 635 4370 OR.
661 4314 754 4370 1231.
788 4312 893 4371 Treoh.
919 4313 991 4372 251.
1024 4312 1132 4387 fragm.
1158 4314 1236 4388 7213
1264 4313 1295 4370 et
1323 4311 1401 4388 quod
1430 4329 1487 4369 uno

315 4409 393 4485 loco,
419 4410 470 4485 qui
493 4412 540 4469 est
563 4409 606 4466 VI
632 4412 682 4484 21,
709 4413 724 4468 1
750 4409 777 4470 εἰ
798 4409 950 4487 ξυστῶσιν,
974 4409 1177 4469 consentiente
1199 4409 1345 4469 librorum
1368 4409 1488 4484 praeter

316 4524 425 4582 pancos
448 4506 625 4566 deterrimos
649 4507 792 4566 memoria
815 4505 842 4566 εἰ
864 4525 930 4566 cum
953 4506 1032 4566 nudo
1057 4504 1243 4567 coniunctiuo
1266 4506 1386 4581 legitur,
1409 4504 1487 4582 quod
