3322 5138
655 455 868 518 -59-

171 616 370 678 θαλασσίδιον
393 612 450 696 (VI
473 620 523 692 62,
543 609 577 698 3)
601 617 705 678 formis
728 609 937 679 έπιθαλάσσιοι
959 623 990 679 et
1012 614 1256 699 παραθαλάσσιον
1278 621 1346 679 eub-

174 717 303 799 etituere
326 715 400 774 vult.
446 716 523 774 Nam
547 716 651 776 eadem
673 716 805 776 varietas
828 716 859 774 in
883 717 959 777 Plat.
982 718 1075 794 Legg.
1101 718 1199 778 704b
1222 720 1254 776 et
1276 718 1304 778 d.

263 814 373 872 Forma
392 813 489 873 dualis
509 813 602 890 δυεῖν,
624 834 714 890 quam
732 813 847 889 aliquot
864 815 937 874 locis
956 815 1027 874 libri
1045 803 1208 875 deteriores
1227 815 1347 887 habent,

173 913 205 971 in
231 911 331 971 titulis
354 911 464 971 Atticis
492 912 530 970 ab
558 914 654 971 altera
681 913 800 971 demum
829 913 939 972 saeculi
964 913 1066 989 quarti
1088 916 1175 989 parte
1196 913 1348 972 invenitur

172 1003 226 1091 (cf.
249 1009 404 1070 Meisterh.
423 1007 443 1084 ἓ
464 1012 514 1083 38,
538 1005 579 1089 1).
618 1009 698 1068 Vera
720 1009 816 1068 forma
839 1009 927 1070 δυοῖν
949 1011 1105 1086 usquead
1127 1009 1206 1069 idem
1229 1013 1347 1086 tempus

172 1107 285 1182 ubique
309 1125 376 1166 cum
398 1105 481 1164 duali
504 1105 668 1182 invenitur,
696 1111 800 1167 contra
823 1099 880 1168 δύο
903 1109 1053 1168 interdum
1077 1109 1168 1167 etiam
1191 1126 1258 1166 oum
1281 1109 1347 1183 plu·

171 1204 238 1262 reli.
290 1202 334 1262 Of.
362 1197 477 1263 Weckl.
509 1202 578 1262 Cur.
611 1205 704 1280 epigr.
736 1225 765 1281 p.
795 1208 845 1266 16.
891 1206 1043 1266 Riemann.
1072 1208 1174 1267 Revue
1206 1205 1243 1265 de
1275 1205 1347 1280 phil.

171 1302 215 1361 IX
238 1322 266 1376 p.
292 1303 332 1360 92
346 1319 390 1376 eq.
435 1299 534 1370 Quare
557 1300 631 1358 VIII
655 1304 706 1379 79,
732 1306 748 1360 1
777 1300 866 1363 ναυσί
889 1297 943 1366 δύο
974 1297 1033 1386 (sic
1056 1303 1100 1365 Ol.
1124 1303 1212 1378 Veu.,
1240 1303 1347 1379 reliqui

174 1391 277 1480 δυοῖν)
301 1395 351 1458 καὶ
373 1391 557 1477 ἀγδοήκοντα
580 1399 769 1458 scribendum
792 1404 847 1460 est.
891 1401 926 1459 In
949 1402 1059 1462 Atticis
1083 1403 1181 1461 titulis
1204 1401 1346 1460 tredecim

171 1497 284 1573 ubique
313 1498 360 1556 eat
386 1499 462 1574 τρεῖς
488 1493 538 1554 καὶ
566 1491 651 1573 δέκα,
684 1515 743 1556 non
770 1498 954 1576 τρισκαίδεκα
982 1492 1149 1581 (Meisterh.
1178 1497 1198 1574 ἓ
1223 1501 1274 1573 38,
1304 1490 1346 1578 7).

172 1596 282 1670 Itaque
305 1594 351 1652 III
375 1596 473 1671 69,1.
497 1593 572 1652 VIII
596 1596 636 1654 88
660 1599 735 1672 τρεῖς
758 1593 807 1654 καὶ
831 1593 902 1656 δέκα
926 1593 962 1673 (v.
987 1599 1006 1657 l.
1029 1589 1226 1676 τρισκαίδεκα)
1251 1599 1282 1655 et
1300 1596 1346 1654 HI

173 1695 226 1766 79,
247 1695 265 1750 2
289 1695 365 1770 τρεῖς
387 1686 420 1751 δὲ
447 1688 497 1750 καὶ
520 1688 591 1750 δέκα
614 1683 704 1772 (τρεῖς
726 1690 775 1752 καὶ
799 1690 870 1752 δέκα
893 1693 961 1754 Vct.
981 1694 1027 1767 H,
1052 1695 1236 1772 reliquorum
1258 1696 1347 1770 longe

172 1789 297 1867 plurimi
318 1787 502 1864 τρισκαίδεκα
525 1785 572 1867 δὲ)
596 1791 826 1865 praeferendum
845 1783 895 1868 (cf.
914 1792 958 1850 VI
979 1794 1029 1865 74,
1049 1785 1084 1871 2)
1108 1795 1139 1852 et
1162 1793 1236 1852 VIII
1257 1796 1308 1866 22,
1329 1797 1344 1852 1

172 1884 247 1966 τρισὶ
261 1883 310 1946 καὶ
325 1881 396 1946 δέκα
412 1879 498 1965 (δέκα
512 1885 561 1946 καὶ
574 1885 648 1964 τρισί
659 1889 701 1966 n,
720 1889 829 1966 reliqui
842 1882 1040 1970 τρισκαίδεκα)
1056 1891 1278 1950 rescribendum
1293 1894 1348 1950 est.

262 1986 327 2045 Iam
345 1986 384 2044 ad
403 1987 562 2045 verborum
580 1987 692 2046 formas
711 1990 899 2048 transeamus
919 2005 953 2046 ac
972 1988 1101 2063 primum
1125 1989 1245 2064 quidem
1268 1988 1347 2048 dica-

172 2104 239 2144 mus
267 2085 304 2142 de
332 2085 502 2159 augmento.
548 2085 627 2144 Raro
656 2085 799 2145 omissum
828 2086 927 2145 estin
951 2085 1252 2160 plusquamperleotia
1275 2103 1348 2161 aug·

172 2185 309 2240 mentum
333 2180 519 2257 syllabioum.
559 2180 606 2239 III
630 2185 680 2260 23,
706 2186 722 2241 1
747 2183 810 2243 Pal.
834 2175 1053 2260 ἀνεβεβήκεσαν
1075 2183 1175 2255 habet,
1193 2182 1237 2239 IV
1257 2184 1308 2258 24,
1328 2187 1346 2241 2

172 2275 403 2358 ἐσεβεβλήκεσαν
429 2278 499 2337 1)οοὶ
527 2278 609 2353 libri,
638 2279 680 2338 lV
711 2282 760 2354 34,
791 2282 809 2340 3
841 2275 1068 2340 έναπεκέκλαστο
1095 2279 1131 2338 D.
1159 2279 1347 2354 idemqueV

174 2379 225 2453 10,
255 2381 274 2437 8
303 2369 554 2455 προσκεχωρήκει,
584 2375 628 2435 IV
658 2380 709 2454 69,
738 2380 756 2438 3
785 2372 981 2438 ἀπετετέλεστο
1009 2378 1126 2453 optimi,
1160 2376 1219 2434 VII
1247 2379 1298 2450 33,
1328 2380 1346 2436 6

171 2469 357 2535 ὑπελέλειπτο
376 2475 511 2550 plerique
531 2477 562 2534 et
580 2474 639 2533 VII
658 2479 710 2549 44,
730 2479 748 2535 3
768 2476 839 2535 boni
861 2476 932 2535 libm'
955 2468 1136 2554 ἀνεβεβήκει,
1160 2474 1236 2533 VIII
1256 2477 1307 2552 66,
1328 2479 1346 2534 2

172 2592 275 2634 omnes
293 2575 414 2649 praeter
432 2571 500 2632 Vat.
520 2566 669 2650 tectorium
693 2576 725 2632 et
748 2572 823 2632 VIII
849 2575 900 2649 92,
920 2573 938 2633 3
962 2573 1078 2649 Mosqu.
1100 2564 1347 2650 κατεδεδραμήκε-

173 2687 242 2748 σαν,
265 2669 324 2728 VII
349 2673 398 2743 71,
421 2671 439 2729 7
463 2672 564 2730 autem
586 2663 610 2728 τ’
636 2664 841 2731 ἐπεπόνθεσαν
862 2671 1023 2747 legendum
1046 2689 1113 2730 esee
1136 2672 1229 2745 putet.
1266 2670 1347 2728 Reli·

173 2786 232 2844 qua
255 2768 319 2826 fere
343 2770 413 2826 eunt
436 2767 480 2825 IV
505 2771 556 2845 90,
576 2769 594 2826 2
618 2760 844 2842 καταπεπτοίκει,
866 2765 895 2824 V
921 2770 971 2844 14,
996 2769 1015 2825 3
1038 2762 1183 2846 γεγένητο,
1206 2764 1234 2821 V
1256 2767 1307 2841 35,
1327 2769 1345 2825 3

171 2858 415 2942 ἀποδεδώκεσαν,
443 2865 503 2923 VII
526 2868 555 2942 4,
581 2869 598 2924 2
630 2859 853 2945 ἀναβεβήκεσαν
881 2858 965 2945 (pars
993 2863 1076 2923 codd.
1100 2855 1346 2944 ἀναβεβήκασιν),

172 2961 249 3022 VIII
276 2965 325 3038 15,
351 2967 368 3022 1
395 2957 664 3042 ἀνακεχωρήκεσαν.
711 2964 847 3040 Apparet
870 2963 901 3021 in
924 2966 1010 3022 tanto
1033 2961 1180 3021 librorum
1203 2980 1347 3022 consensu

174 3064 370 3136 augmentum
389 3061 499 3136 ubique
517 3061 737 3121 restituendum
756 3079 830 3136 esee,
853 3061 991 3138 idemque
1008 3059 1107 3119 titulis
1130 3059 1347 3135 antiquioribus

172 3161 261 3234 plane
296 3159 491 3218 confirmetur
524 3156 574 3238 (cf.
602 3159 754 3218 Meisterh.
787 3158 807 3235 ξ
836 3161 887 3235 40,
917 3151 959 3240 1).
1010 3159 1110 3218 Etiam
1142 3159 1174 3217 in
1205 3151 1347 3235 εἱστήκειν

172 3257 244 3315 libri
263 3257 449 3334 Thucydidei
467 3256 725 3317 itacensentiunt
747 3260 782 3316 ut
804 3258 920 3318 duobus
944 3261 1063 3317 tautum
1086 3257 1158 3318 locis
1178 3250 1235 3337 (IV
1255 3259 1307 3330 33,
1329 3259 1343 3315 1

173 3347 402 3431 καθεστήκεσαν,
425 3353 484 3413 VII
508 3358 559 3429 29,
585 3358 602 3414 5
626 3348 815 3436 καθεστήκει)
838 3356 870 3416 iu
893 3357 1030 3416 omnibus
1053 3358 1214 3432 augmento
1238 3356 1347 3414 careat.

173 3453 237 3514 Hoc
273 3452 368 3529 igitur
403 3453 515 3529 ubique
547 3453 763 3512 restituendum
796 3456 850 3515 eet.
907 3453 951 3515 df.
984 3455 1094 3515 Herod.
1125 3455 1156 3513 II
1188 3455 1262 3530 269,
1297 3456 1347 3511 12.

174 3547 310 3610 Sohanzii
337 3550 428 3610 Proll.
456 3549 494 3609 ad
521 3550 598 3609 Plat
622 3551 682 3609 VII
709 3569 738 3626 p.
761 3551 844 3611 XIII.
886 3553 1044 3628 Nusquam
1072 3554 1173 3611 temen
1195 3553 1347 3612 invenitur

171 3646 204 3706 in
235 3648 339 3708 formis
373 3648 551 3725 syncopatis.
608 3647 701 3707 Verbi
739 3646 876 3727 ἔρχεσθαι
912 3649 1239 3727 plusquamperfectum
1280 3667 1346 3709 con-

172 3748 291 3808 stanter
316 3746 348 3805 in
377 3745 462 3806 libris
491 3749 651 3824 augmento
679 3750 773 3820 caret,
806 3747 886 3806 idem
917 3748 949 3806 in
981 3747 1085 3807 eodem
1115 3745 1199 3807 verbi
1226 3738 1346 3806 ὀλλύναι

173 3847 308 3920 tempore
331 3844 400 3902 boni
423 3843 493 3902 libri
515 3843 627 3920 ubique
650 3835 817 3924 (ἀπωλώλει
839 3845 883 3903 IV
909 3846 1030 3914 133,1.
1055 3844 1115 3902 VII
1140 3847 1191 3920 27,
1216 3845 1244 3918 5,
1268 3836 1346 3902 ἀντω-
1408 3907 1410 3910 ,

173 3937 334 4000 λωλέκεσαν
361 3939 438 4002 7ΙΠ
466 3944 517 4017 96,
546 3933 580 4021 3)
614 3946 781 4002 servarunt.
831 3943 896 4003 Hoc
923 3942 1061 4003 convenit
1088 3941 1126 4000 ad
1154 3943 1345 4016 praeceptum

172 4038 283 4098 Herod.
307 4038 338 4096 Π
362 4039 436 4115 268,
465 4041 517 4099 20.
541 4039 572 4097 ΙΙ
596 4042 646 4110 21,
672 4041 689 4096 2
723 4034 882 4119 ἕοράκεσαν
909 4060 962 4117 pro
991 4025 1157 4114 έωράκεσαν
1185 4037 1345 4114 legendum

173 4153 238 4196 esee
262 4137 424 4196 ostendunt
447 4155 551 4196 versus
575 4137 669 4198 Arist.
692 4137 771 4197 Nub.
792 4142 865 4200 767.
880 4139 945 4198 dv.
966 4139 1060 4197 1573.
1085 4135 1203 4195 Thesm.
1223 4139 1274 4196 33.
1294 4139 1345 4196 35,

172 4234 253 4294 Plut.
286 4235 336 4294 98.
371 4236 454 4296 1045
489 4235 636 4312 multique
667 4234 699 4294 in
730 4236 839 4312 fragm.
871 4236 1057 4296 comicorum.
1111 4231 1224 4293 Contra
1253 4227 1346 4312 ἑώρας

173 4331 266 4392 Arist.
295 4331 377 4392 Plut.
407 4333 480 4393 713.
527 4332 570 4393 Of.
599 4319 713 4393 ἑάλοικα
741 4325 863 4414 (Aesch.
891 4334 947 4412 Ag.
973 4327 1029 4411 30)
1058 4334 1089 4390 et
1115 4319 1210 4391 ἕάλων
1238 4324 1345 4412 (Arist.

173 4428 262 4504 Veep.
295 4423 383 4510 355).
434 4429 535 4491 Verba
567 4432 604 4490 ab
638 4425 671 4490 εὖ
703 4430 876 4507 incipientia
906 4423 947 4507 ηά
979 4432 1174 4506 augmentum
1205 4429 1345 4490 habuisse

174 4527 360 4605 antiquiores
390 4529 474 4588 tituli
506 4529 575 4591 iude
602 4529 640 4588 ab
667 4528 791 4591 Euclide
823 4527 966 4588 archonte
996 4525 1068 4586 lacti
1100 4526 1262 4587 ostendunt
1294 4519 1344 4610 (cf.
