3322 5138
789 421 1011 486 ...36-

402 589 436 648 Ν
460 589 538 664 quod
562 579 770 664 ἕφελκνστικόν
792 585 909 656 dicunt,
939 584 1049 643 rectius
1074 578 1252 660 ἐφελκνστόν
1277 583 1422 661 dicerent,
1449 602 1489 643 ne

312 687 540 762 inscriptionum
564 686 682 761 quidem
706 682 886 746 testimoniis
905 682 943 741 ad
963 687 1074 742 certam
1094 683 1231 759 regulam
1251 701 1390 742 revocare
1408 682 1489 742 licet.

313 786 391 843 Nam
415 786 444 843 in
471 784 569 843 titulis
592 781 715 842 Euclide
744 781 886 842 archonte
916 781 1136 855 antiquioribus
1165 800 1253 857 saepe
1277 785 1347 841 ante
1370 781 1490 840 vocales

314 883 474 954 omittitur,
493 884 563 941 ante
581 882 777 940 consonantes
796 879 927 954 ponitur,
950 879 1073 954 perinde
1092 883 1183 955 atque
1204 883 1272 938 ante
1291 881 1489 939 consonantes

313 982 446 1056 epotatis
466 997 583 1057 quoque
602 978 787 1054 admittitur3
810 975 974 1052 posteriore
994 995 1064 1035 vero
1084 979 1218 1053 tempore
1242 978 1273 1036 in
1296 977 1395 1036 titulis
1414 993 1488 1034 usus

313 1079 378 1137 eius
401 1078 561 1154 utrobique
585 1075 682 1152 magis
706 1076 862 1150 magisque
886 1075 1059 1134 increbruit.
1070 1067 1093 1154 ¹)
1137 1075 1195 1135 Sed
1219 1079 1302 1136 certa
1324 1077 1373 1135 lex
1397 1093 1489 1151 quam

314 1177 407 1235 secuti
437 1178 497 1236 sint
524 1194 560 1233 ex
588 1172 808 1248 antiquioribus
836 1170 956 1246 quidem
983 1172 1083 1230 titulis
1112 1175 1248 1250 cognosci
1279 1174 1398 1249 nequit,
1430 1173 1489 1230 nisi

313 1274 390 1349 quod
414 1273 567 1334 sollemnis
590 1272 649 1330 fuit
672 1270 736 1328 eius
759 1287 832 1328 usus
856 1269 886 1326 in
909 1269 1046 1330 formulis
1072 1268 1173 1343 ἔδοξεν
1195 1273 1230 1354 τῇ
1253 1271 1361 1352 βουλῇ,
1390 1267 1491 1340 ἔδοξεν

312 1374 351 1454 τῷ
376 1365 470 1452 δήμῳ,
494 1389 587 1446 quare
611 1367 712 1440 ἔδοξεν
735 1367 773 1449 τῷ
797 1356 882 1448 δήμῳ
908 1367 1097 1427 scribendum
1121 1373 1167 1428 est
1190 1370 1220 1428 in
1243 1368 1423 1446 populiscito
1446 1366 1490 1424 IV

318 1472 389 1542 118,
414 1472 464 1541 11,
489 1473 521 1528 01
542 1465 753 1527 adverbiorum
776 1463 806 1521 in
829 1468 886 1522 θεν
910 1465 1085 1524 exeuntium
1107 1467 1250 1540 asinula,
1277 1484 1448 1543 quanquam
1472 1483 1489 1522 a

313 1568 409 1643 poc‘tis
424 1568 454 1625 in
474 1567 624 1642 plerisque
644 1577 857 1635 nonnunquam
878 1562 1037 1639 omittitur,
1057 1569 1229 1625 constanter
1248 1566 1378 1636 servant,
1399 1581 1491 1640 quare

314 1658 341 1720 V
362 1666 414 1736 59,
434 1666 452 1723 3
477 1656 672 1740 καθύπερθεν
695 1659 922 1736 praeferendum
944 1663 998 1721 est.
1036 1660 1071 1720 In
1095 1662 1246 1722 codicibus
1270 1661 1391 1738 quidem
1410 1661 1490 1718 Thu-

313 1760 444 1837 cydideis
473 1761 572 1818 rarius
600 1761 670 1817 ante
694 1757 814 1817 vocales
837 1778 855 1814 ν
878 1757 1040 1832 omittitur,
1070 1761 1153 1820 velut
1176 1753 1284 1836 ἥκουσι
1307 1760 1375 1819 Vnt.
1399 1759 1491 1818 habet

313 1857 328 1914 I
352 1859 406 1929 39,
430 1859 459 1930 2,
487 1855 562 1928 ἔλεξε
590 1857 678 1915 Laur.
702 1852 717 1912 I
742 1855 794 1927 87,
818 1855 846 1929 2,
874 1851 965 1912 εἴκοσι
993 1859 1024 1914 01
1052 1857 1143 1916 ναυσί
1163 1858 1193 1916 II
1217 1859 1269 1935 86,
1294 1860 1312 1916 3
1342 1858 1374 1914 01
1397 1858 1418 1913 4
1445 1875 1491 1931 pr.

313 1953 417 2028 Laur.;
450 1954 546 2014 multo
575 1952 762 2029 frequentius
790 1954 860 2010 ante
888 1957 1083 2015 consonantes
1111 1957 1239 2031 ponitur.
1293 1956 1392 2030 Atque
1421 1957 1491 2012 ante

313 2055 510 2112 consonantes
534 2052 653 2128 quidem
679 2049 853 2124 saepissime
872 2049 903 2108 in
923 2051 1011 2111 Laus.
1031 2075 1050 2111 ν
1073 2071 1192 2113 erasum
1215 2053 1376 2130 invenitur,
1399 2053 1490 2110 raris-

314 2150 387 2209 sime
410 2149 442 2208 in
465 2150 533 2210 Vat.
559 2150 701 2225 scripturn
726 2149 781 2219 est,
805 2147 889 2206 velut
907 2145 1062 2226 μέλλουσιν
1084 2151 1099 2209 Ι
1119 2153 1170 2224 86,
1190 2154 1208 2209 2
1233 2151 1334 2227 babet,
1357 2145 1491 2225 πέμπου-

314 2265 361 2307 σιν
389 2269 433 2326 pr.
461 2268 552 2307 manu
581 2247 613 2306 II
641 2249 692 2320 80,
716 2248 746 2320 2,
774 2237 975 2323 ὦικοδόμησεν
1003 2248 1033 2306 ll
1065 2251 1137 2326 100,
1164 2252 1191 2308 2.
1238 2248 1315 2307 Sane
1342 2246 1373 2305 in
1401 2246 1491 2305 Laur.

315 2350 405 2423 atque
423 2346 455 2404 II
475 2349 526 2423 80,
546 2350 564 2406 2
590 2345 681 2404 etiam
700 2343 730 2401 in
750 2342 820 2400 Vat.
840 2365 858 2401 ν
878 2361 995 2402 erasum
1016 2349 1116 2406 estex
1136 2346 1284 2406 conbario
1303 2343 1491 2422 quorundam

313 2445 528 2520 magistrorum
549 2443 785 2520 Byzantinorum
807 2447 976 2518 praecepto,
1000 2442 1052 2502 sed
1075 2448 1177 2506 utrum
1201 2445 1385 2521 antiquiores
1408 2441 1491 2500 illius

314 2542 478 2616 scripturae
510 2540 604 2618 ipsius
633 2539 687 2597 Th.
720 2557 842 2596 manum
874 2557 913 2596 an
945 2541 1140 2602 recentiorem
1167 2565 1187 2602 ν
1217 2542 1327 2617 ubique
1362 2539 1490 2598 addendi

314 2640 572 2716 consuetudinem,
601 2659 677 2716 quae
705 2639 774 2710 inde
804 2638 903 2697 afine
927 2639 1038 2696 saeculi
1061 2641 1162 2716 quarti
1185 2643 1254 2700 ante
1279 2639 1331 2700 ch.
1355 2659 1383 2698 n.
1407 2639 1490 2698 inva-

312 2737 370 2796 luit
393 2758 541 2815 quamque
565 2739 654 2798 etiam
679 2736 826 2794 Maximus
846 2735 996 2796 Planudes
1019 2730 1127 2819 (Bell.
1148 2739 1258 2798 Anecd.
1283 2758 1311 2813 p.
1333 2740 1421 2797 1400
1431 2730 1489 2816 sq.)

312 2839 455 2914 agnoscit,
474 2837 603 2896 reddant
623 2836 711 2896 valde
731 2835 855 2892 dubium
875 2837 929 2894 est.
967 2832 1093 2895 Omnino
1113 2840 1214 2896 autem
1233 2839 1297 2894 tam
1316 2834 1489 2910 discrepans

312 2934 457 2993 librorum
485 2955 557 2996 mss.
584 2935 617 2993 in
644 2953 680 2993 aa
704 2951 737 2991 re
761 2935 818 3003 est,
849 2933 994 3006 quantum
1018 2952 1083 2991 eam
1107 2935 1257 3007 novimus,
1279 2933 1431 2994 ‚memoria
1454 2935 1489 2989 ut

312 3032 362 3091 via
388 3053 448 3093 non
476 3033 629 3109 aperiatur
658 3049 717 3106 qua
744 3031 781 3087 ad
809 3029 903 3104 ipsius
932 3030 1085 3105 scriptoris
1118 3052 1239 3091 manum
1271 3032 1489 3108 perveniamus.

314 3129 361 3188 Ad
384 3134 504 3206 tempus
527 3130 623 3206 igitur
646 3127 730 3186 nulla
753 3129 801 3185 est
823 3125 900 3184 ratio
923 3147 982 3203 qna
1004 3130 1185 3189 tralaticium
1209 3130 1405 3206 plurimorum
1430 3127 1489 3186 edi-

313 3230 413 3284 torum
432 3229 462 3284 in
486 3229 595 3286 haere
619 3224 817 3283 constantiam
841 3222 1092 3303 derelinquamus,
1117 3247 1205 3304 quam
1229 3227 1330 3303 ipsum
1353 3227 1407 3286 Th.
1431 3245 1489 3286 non

314 3327 449 3382 secutum
469 3343 534 3382 esse
554 3324 627 3382 satis
647 3327 762 3382 certum
782 3325 836 3381 eat.
862 3322 928 3385 Hoc
942 3345 1034 3385 unum
1050 3329 1176 3402 constat,
1196 3325 1327 3383 Bekkeri
1341 3325 1489 3384 rationem

314 3443 332 3478 ν
350 3420 381 3478 in
400 3420 458 3479 fine
477 3422 682 3481 membrorum
700 3422 846 3496 cuiusque
865 3424 1031 3482 sentcntiae
1051 3426 1120 3482 ante
1142 3425 1338 3482 consonantes
1362 3421 1490 3479 addendi

314 3535 373 3576 non
400 3519 587 3594 comprobari
615 3517 746 3594 antiquis
773 3519 886 3594 titulis,
915 3519 1018 3595 quiin
1042 3520 1213 3579 intermissa
1236 3519 1370 3580 oratione
1393 3520 1489 3578 multo

315 3617 432 3692 saepius
461 3637 551 3693 quam
579 3618 609 3674 in
637 3616 779 3674 continua
805 3616 882 3675 illud
909 3621 940 3676 et
968 3621 1038 3677 ante
1071 3619 1188 3677 vocales
1219 3620 1251 3676 et
1283 3619 1353 3676 ante
1386 3635 1487 3676 conso-

314 3717 420 3774 nantes
445 3715 597 3774 omittunt.

403 3812 521 3872 Littera
547 3835 558 3872 ι
587 3832 677 3888 quam
704 3830 759 3872 nos
788 3812 1004 3872 subscribimus
1027 3815 1058 3872 in
1083 3812 1302 3889 antiquioribus
1326 3812 1412 3871 libris
1436 3815 1490 3870 aut

315 3910 495 3969 adscribitur
513 3914 567 3970 aut
586 3909 744 3970 omittitur.
779 3909 857 3969 Hinc
875 3912 1050 3988 corrigenda
1069 3914 1116 3972 cst
1134 3913 1260 3986 vulgata
1278 3910 1489 3970 nonnullorum

314 4010 527 4068 vocabulorum
557 4009 714 4084 scriptura.
767 4007 893 4066 Perinde
925 4010 1019 4085 igitur
1050 4014 1140 4086 atque
1172 3998 1191 4090 ᾗ
1222 4008 1410 4068 scribendum
1444 4011 1490 4068 est

314 4096 373 4186 ὅπῃ
407 4108 539 4187 πανταχῇ
573 4100 656 4186 (Cla
684 4105 715 4162 II
745 4107 840 4182 1054,
870 4101 927 4187 82)
960 4101 1058 4188 λάθρᾳ
1088 4109 1217 4187 πολλαχῇ
1250 4125 1384 4182 quaeque
1417 4111 1489 4166 sunt

314 4203 436 4280 similia,
465 4205 573 4280 quibus
599 4203 631 4262 in
653 4203 736 4264 codd.
759 4222 972 4280 nonnunquam
996 4228 1007 4264 ι
1030 4207 1128 4278 deest3
1156 4205 1186 4263 in
1209 4196 1313 4287 πρῷρα
1337 4207 1489 4264 contracto

314 4320 350 4359 ex
377 4295 506 4379 πριόειρα
535 4296 586 4382 (cf.
608 4301 719 4361 Herod.
742 4300 773 4360 ΙΙ
800 4302 873 4377 411,
904 4293 960 4382 11)
988 4296 1148 4385 πρῴραθεν
1178 4301 1363 4382 α’ντίπρῳρος
1390 4325 1401 4360 ι
1430 4321 1490 4361 ser-

386 4510 413 4578 1)
432 4507 473 4562 cf.
489 4506 726 4561 Hedde-Maassen
741 4506 776 4560 de
791 4506 888 4562 littera
903 4527 919 4560 ν
937 4509 1109 4578 paragogica
1123 4508 1281 4578 (Leipziger
1296 4506 1414 4561 Studien
1430 4506 1486 4578 lV).
