3322 5138
683 428 899 492 ‚ppn

204 593 301 650 solum
328 592 505 668 plerumque
531 591 677 650 librorum
700 592 826 652 fluctuat
849 596 1003 668 memoria,
1033 596 1084 655 sed
1108 597 1207 655 omnia
1230 599 1321 656 etiam
1344 600 1375 657 in

203 690 463 750 terminationibus
488 693 646 750 versantur
668 690 699 748 in
723 691 833 767 quibus
853 692 938 750 nulla
961 693 1023 750 fere
1047 694 1181 752 codicum
1204 699 1251 753 est
1273 699 1373 755 auoto-

202 788 286 864 ritas,
307 788 367 848 tria
384 789 545 849 manifesta
563 792 721 864 praeterea
738 791 908 865 corruptela
926 791 1089 866 laborant3.
1102 795 1206 852 eontra
1224 793 1261 851 iis
1280 795 1376 852 futuri

203 885 306 945 formis
335 906 462 962 quarum
490 889 671 963 permutatio
699 887 832 946 librariis
860 905 918 944 non
945 888 1042 947 facilis
1071 891 1136 948 erat
1163 909 1310 965 nusquam
1337 885 1375 950 άν

202 983 337 1043 additum
371 984 529 1045 invenitur.
584 984 661 1055 Quid
694 986 787 1062 igitur
817 985 902 1044 iuvat
934 986 1089 1060 explorare
1123 1006 1212 1062 quam
1237 989 1305 1048 ¹vim
1337 983 1375 1048 άν

202 1082 304 1142 futuro
323 1082 459 1142 additum
477 1083 597 1159 habeat,
619 1103 687 1143 eum
705 1102 742 1143 ne
762 1083 898 1142 additum
917 1081 1036 1159 quidem
1055 1101 1120 1142 esse
1140 1084 1213 1143 satis
1237 1089 1322 1146 oonet
1341 1087 1374 1145 t?

203 1180 280 1240 Tota
298 1181 431 1256 proferto
450 1182 523 1240 haee
542 1182 618 1240 ratio
638 1183 732 1242 solido
751 1184 833 1241 earet
852 1181 1053 1239 fundamento.
1091 1180 1176 1250 Quod
1198 1186 1232 1241 ut
1252 1183 1373 1244 uberius

200 1298 374 1356 persequar,
406 1281 536 1355 primum
567 1281 604 1339 de
637 1281 674 1340 iis
706 1281 778 1340 loeis
809 1277 904 1336 dioam
933 1296 1007 1352 quos
1036 1278 1159 1339 vitiosos
1190 1299 1255 1339 ease
1287 1282 1375 1341 facile

199 1377 388 1453 perspicitur.
428 1377 512 1436 Nihil
535 1379 645 1437 eortius
669 1381 716 1438 est
737 1397 827 1452 quam
851 1371 963 1452 μέλλειν
986 1376 1070 1435 verbi
1094 1378 1261 1436 sententiae
1280 1378 1375 1438 infini-

201 1473 296 1533 tivum
319 1493 388 1533 eum
410 1468 448 1533 άν
469 1494 530 1535 non
552 1476 724 1553 convenire3
751 1494 821 1534 nam
849 1473 957 1549 quibus
986 1474 1085 1534 verbis
1108 1477 1196 1550 aptus
1220 1476 1261 1535 sit
1284 1497 1375 1554 supra

200 1572 312 1630 dietum
331 1573 386 1632 est.
394 1565 418 1651 ¹)
452 1572 579 1632 eentum
598 1578 629 1634 et
647 1574 756 1652 viginti
774 1575 837 1632 fore
860 1572 939 1646 apud
959 1571 1166 1651 Thucydidem
1184 1574 1257 1634 loeis
1276 1576 1374 1636 nudus

199 1670 364 1730 infinitivus
387 1671 462 1729 iilud
486 1673 635 1750 sequitur,
656 1692 733 1731 unus
757 1674 805 1731 est
827 1669 889 1746 ubi,
913 1687 980 1728 eum
1003 1671 1061 1730 duo
1084 1671 1224 1731 infinitivi
1248 1691 1373 1748 sequan-

200 1770 263 1841 tur,
290 1769 390 1844 priore
417 1770 481 1828 loeo
509 1770 606 1829 nudus
634 1770 801 1830 infinitivus
829 1768 936 1846 futuri,
965 1770 1060 1828 altero
1087 1769 1166 1827 idern
1194 1771 1310 1830 adieeto
1336 1765 1374 1830 άν

199 1867 320 1940 legitur.
343 1867 444 1944 Atque
463 1886 523 1926 una
541 1871 660 1928 tantum
680 1870 801 1943 dempta
822 1867 926 1926 littera
946 1885 1021 1942 opus
1045 1869 1101 1943 est,
1124 1870 1159 1927 ut
1182 1868 1299 1944 integer
1322 1870 1373 1930 ille

199 1965 315 2023 evadat.
361 1965 410 2024 Sia
438 1965 516 2024 enim
547 1968 630 2042 legas
654 1966 698 2025 VI
722 1968 772 2040 66,
797 1969 828 2023 1:
859 1957 893 2023 ἐν
917 1951 940 2048 ᾧ
963 1959 1058 2043 μάχης
1081 1985 1110 2024 τε
1133 1959 1232 2044 άρξειν
1254 1963 1374 2043 ἔμελλον

199 2054 299 2122 ὁπότε.
312 2054 466 2140 βούλοιντο
495 2060 545 2122 καί
572 2063 603 2124 οί
628 2063 720 2141 ίππής
752 2065 810 2122 τῶν
838 2061 1032 2138 Συρακοσίων
1064 2056 1168 2140 ήκιστα
1201 2055 1309 2143 (ἥκιστ’
1335 2057 1374 2123 άν

198 2151 296 2240 οοδδ.)
325 2153 433 2232 αὐτοὺς
459 2207 465 2220 .
491 2207 497 2220 .
525 2155 677 2239 λυπήσειν.
723 2160 811 2220 Alter
837 2162 920 2221 loeus
944 2159 1018 2218 VIII
1044 2165 1094 2235 71,
1120 2165 1136 2219 1
1168 2167 1267 2222 exstat
1295 2165 1372 2223 hune

197 2257 229 2316 in
257 2257 376 2316 modum
404 2258 501 2319 adhue
528 2261 639 2320 editus:
668 2253 684 2320 ὁ
715 2255 747 2318 δὲ
775 2257 903 2337 νομίζων
930 2251 984 2335 τήν
1011 2249 1100 2318 πόλιν
1131 2253 1184 2339 οὐχ
1216 2253 1372 2340 ἡσυχάζειν

197 2349 269 2415 οὐδὲ
292 2348 385 2428 εὐθυς
408 2350 484 2417 οὕτω
508 2352 559 2418 τὸν
583 2356 679 2435 δῆμον
701 2351 757 2433 τήν
777 2349 907 2415 παλαιάν
931 2352 1103 2434 ἐλευθερίαν
1125 2353 1322 2436 παραδώσειν,
1346 2360 1377 2420 εί

197 2476 227 2513 τε
246 2447 382 2533 στρατιάν
400 2450 512 2534 πολλὴν
532 2454 591 2515 ίδοι
610 2459 705 2531 σφῶν,
725 2449 779 2514 οίκ
798 2447 837 2513 lv
855 2446 1015 2532 ἡσυχάσειν
1033 2476 1059 2514 κ.
1078 2476 1100 2517 τ.
1119 2460 1154 2533 λ,
1178 2459 1230 2517 ubi
1247 2460 1371 2520 nimiam

199 2555 357 2614 verborum
380 2554 565 2613 affluentiam
589 2574 623 2613 eo
647 2557 790 2612 excusant
812 2553 891 2627 quod
915 2556 1049 2612 extrema
1072 2573 1177 2620 manus
1200 2557 1270 2619 huie
1293 2559 1372 2617 Thu-

197 2652 315 2728 eydidei
338 2651 435 2726 operis
460 2653 539 2728 parti
562 2672 621 2712 non
643 2651 856 2736 impositalsit.
894 2650 936 2710 At
959 2651 1032 2709 mihi
1050 2652 1150 2710 fateor
1166 2656 1316 2716 neminem
1334 2678 1372 2716 ne

157 2797 159 2802 .
197 2747 308 2807 aureim
331 2749 451 2824 quidem
473 2749 517 2808 ita
541 2750 722 2825 scripturum
747 2768 812 2809 esse
836 2748 939 2821 videri,
961 2749 1021 2807 nisi
1043 2750 1068 2808 is
1093 2750 1180 2809 homo
1204 2755 1291 2827 plane
1311 2756 1370 2813 sto·

196 2847 276 2906 lidus
305 2847 352 2906 sit.
398 2847 512 2906 Verum
539 2848 616 2908 vidit
643 2849 814 2926 Dobraeun,
843 2847 890 2907 vir
917 2845 1019 2904 iudicii
1047 2849 1182 2910 aeumine
1210 2852 1241 2909 in
1268 2853 1371 2926 peuois

196 2944 332 3020 insignis,
356 2945 439 3004 ouius
463 2946 619 3020 ingeniose
641 2946 765 3006 inventa
787 2948 856 3020 plue
878 2964 968 3020 quam
986 2963 1042 3020 par
1061 2949 1107 3004 eet
1125 2947 1222 3007 adhue
1241 2948 1370 3010 editores

196 3179 258 3216 σκει
275 3157 379 3222 πάντες
398 3155 563 3214 παντάπασι
581 3155 832 3229 διαφθαρήσονται
842 3147 885 3212 'ad
902 3160 992 3214 solum
1007 3154 1221 3229 ἐπιτηδεύοντες
1235 3159 1272 3217 ἄν
1287 3165 1371 3218 refer-

195 3243 254 3309 tur,
279 3241 432 3310 eademque
456 3240 565 3294 ratione
588 3240 617 3293 id
642 3239 752 3295 videtur
774 3239 889 3304 retineri
906 3257 988 3309 posse
1007 3241 1083 3309 apud
1101 3242 1211 3296 Isaeum
1230 3245 1269 3298 XI
1287 3251 1320 3300 47
1341 3239 1370 3310 ἐξ

196 3313 235 3374 ὧν
255 3315 291 3374 άν
310 3316 508 3389 διαβάλλοντες
526 3318 612 3375 πλέον
633 3318 708 3390 ἔχειν
728 3318 907 3390 δυνήσονται,
937 3320 1037 3374 Tribus
1052 3321 1126 3374 enim
1142 3322 1185 3376 hie
1200 3324 1269 3378 locis
1283 3325 1369 3394 parti-

196 3399 272 3476 cipio
291 3418 353 3454 oum
373 3395 409 3455 άν
429 3400 602 3470 aignifioatur
620 3402 694 3469 quod
714 3404 879 3456 eventurum
899 3417 959 3454 eene
977 3400 1123 3469 probabile
1143 3404 1198 3470 est,
1218 3404 1370 3464 indicativo

196 3480 284 3536 futuri
302 3481 389 3551 quod,
414 3481 438 3533 ei
459 3480 513 3533 hoe
531 3482 581 3534 fiet
599 3482 645 3536 vel
664 3482 770 3538 factum
790 3481 853 3548 erit,
873 3483 949 3535 eerto
968 3479 1086 3535 eveniet.
1124 3482 1260 3538 Similiter
1278 3480 1315 3538 άν
1334 3486 1369 3538 ab

195 3561 349 3618 indicativo
367 3561 456 3616 futuri
476 3563 663 3631 separandum
682 3565 726 3617 est
744 3565 772 3617 in
785 3562 849 3615 Eur.
864 3561 924 3615 Ale.
941 3565 992 3614 181
1003 3578 1043 3628 oq.
1064 3561 1094 3617 σὲ
1110 3558 1137 3615 δ’
1154 3559 1222 3631 άλλη
1239 3584 1280 3625 τις
1298 3564 1368 3633 γυνὴ

195 3639 376 3712 κεκτήσεται,
396 3673 428 3683 -
448 3638 569 3712 σώφρων
588 3642 640 3713 μὲν
660 3639 712 3698 οὐκ
731 3637 767 3698 άν
787 3641 890 3711 μᾶλλον
909 3639 980 3708 (acii.
1000 3631 1095 3712 οὖσα),
1117 3639 1237 3712 εὖτυχὴς
1255 3639 1285 3696 δ’
1304 3647 1369 3706 ἴσως

195 3728 224 3778 et
252 3723 280 3776 in
309 3723 404 3777 iocosa
431 3722 530 3777 horum
559 3723 707 3777 verborum
736 3723 893 3778 imitatione
925 3721 1008 3776 Arist,
1037 3723 1106 3791 llqu.
1132 3728 1199 3776 1251
1215 3741 1255 3790 eq.
1284 3721 1314 3778 σὲ
1339 3719 1368 3777 δ’

195 3799 277 3865 ἄλλος
287 3823 328 3866 τις
336 3801 429 3875 λαβὼν
438 3800 618 3872 κεκτήσεται,
633 3835 666 3843 -
681 3801 800 3871 κλέπτης
815 3799 866 3872 μὲν
877 3797 929 3857 οὐκ
945 3797 982 3856 ἂν
997 3803 1101 3871 μᾶλλον
1117 3797 1234 3871 εὐτυχής
1249 3801 1277 3855 δ’
1295 3806 1365 3866 ἴσως.

267 3885 293 3953 1)
317 3884 481 3952 Quanquam
506 3900 523 3936 a
546 3884 689 3953 cogitandi
711 3884 740 3937 vi
758 3884 835 3938 verbi
855 3881 964 3951 μέλλειν
983 3881 1151 3952 significatio
1170 3883 1296 3950 profecta
1314 3888 1365 3952 eet,

194 3969 289 4020 tamen
312 3981 450 4032 nusquam
474 3963 673 4034 cogitationem
697 3965 756 4018 eine
774 3964 918 4018 voluntate
938 3962 1057 4030 indicat,
1082 3964 1112 4016 et
1130 3979 1291 4031 quanquam
1310 3965 1367 4018 vim
1425 4019 1434 4031 q

195 4047 274 4102 illam
289 4046 329 4100 ita
343 4043 459 4099 retinuit
473 4046 505 4097 ut
525 4061 588 4098 eum
607 4043 745 4100 infinitivo
765 4041 853 4100 futuri
871 4043 950 4110 iungi
969 4045 1070 4110 posset,
1089 4043 1185 4096 tamen
1203 4057 1258 4095 non
1278 4044 1368 4112 magis

193 4143 257 4180 eum
281 4125 418 4179 infinitivo
442 4128 472 4179 et
495 4119 532 4179 άν
554 4123 681 4194 iungitur
703 4141 787 4193 quam
812 4123 921 4192 reliqua
948 4121 1059 4176 volendi
1087 4123 1174 4176 verba
1201 4121 1302 4192 quibua
1325 4124 1367 4178 vie

193 4206 312 4276 putandi
331 4205 376 4258 vel
395 4205 505 4259 dicendi
523 4206 622 4260 innata
641 4207 692 4259 est.
725 4204 779 4259 Ubi
793 4203 867 4258 enim
886 4204 956 4259 haee
974 4201 1129 4257 infinitivus
1147 4220 1209 4256 oum
1224 4197 1261 4255 ἄν
1277 4203 1367 4272 sequi-

192 4289 238 4341 tur
260 4301 399 4354 nusquam
422 4286 536 4340 volendi
558 4285 725 4340 seutentiam
748 4287 901 4339 assumunt.
943 4283 1016 4337 Nam
1044 4279 1081 4337 άν
1106 4281 1261 4352 particulae
1284 4283 1327 4338 via
1351 4303 1368 4339 a

192 4363 349 4420 voluntatis
358 4364 562 4433 significatione
573 4365 743 4418 alienissima
754 4368 803 4419 est.
825 4365 916 4430 Quare
928 4366 1023 4434 potest
1032 4363 1118 4418 futuri
1129 4362 1243 4431 quidem
1252 4363 1367 4419 infiniti-

192 4464 243 4500 vus
261 4447 327 4515 poet
345 4444 396 4498 illa
409 4445 495 4500 verba
508 4463 559 4516 per
571 4445 785 4500 tranalationem
800 4446 941 4514 quandam
956 4445 1085 4515 propriae
1099 4461 1195 4499 eorum
1210 4445 1367 4500 sententiae

195 4527 231 4580 ad
250 4526 425 4581 voluntatem
444 4526 553 4595 referri,
578 4526 627 4580 aad
646 4525 799 4582 infinitivus
817 4542 882 4579 eum
900 4521 938 4580 ἄν
957 4525 1033 4579 nullo
1052 4525 1136 4580 modo
1154 4525 1254 4594 potest.
