3322 5138
765 403 963 468 ..6-

276 595 312 634 ex
330 575 382 632 καί
403 571 573 630 concessivo
596 571 674 646 quod
699 569 725 629 εί
747 569 912 644 particulae
936 569 1071 628 additum
1095 571 1141 627 est
1164 571 1248 644 patet
1272 568 1452 627 seutentiam
1478 551 1480 558 ¹

276 671 423 746 adquam
447 668 578 730 condicio
603 669 719 745 spectat
742 671 848 742 suapte
872 667 963 726 etiam
987 667 1017 726 vi
1035 667 1180 726 constare.
1218 665 1331 725 Eadem
1350 665 1453 726 omissi

276 763 315 827 άν
338 787 429 826 cauea
451 785 515 826 eeee
538 766 718 842 perspicitur
737 765 779 822 VI
802 767 853 842 86,
873 767 891 824 5
919 763 1036 842 νομίσαι
1060 785 1088 823 τε
1110 763 1207 823 τοῖσδε
1231 759 1284 841 μὲν
1306 761 1356 832 καί
1379 758 1452 823 άνεν

278 859 436 944 ξυμμάχων
455 863 511 924 αἰεί
530 858 580 942 ἐφ’
602 858 679 942 ὑμᾶς
698 859 816 940 ἑτοίμην
835 855 934 922 διὰτὸ
959 865 1076 940 πλῆθος
1099 853 1175 920 είναι
1198 855 1281 937 ὁδόν,
1305 862 1356 921 ubi
1379 856 1452 923 άνευ

278 957 437 1042 ξυμμάχων
459 963 638 1024 condicionis
662 963 726 1022 vice
749 961 894 1036 fungItur.
945 959 1071 1036 Reliqua
1094 963 1195 1019 aulem
1224 979 1299 1036 quae
1327 961 1453 1036 proferri

278 1065 405 1138 possunt
428 1056 466 1121 άν
489 1062 592 1121 omissi
616 1061 753 1136 exempla
775 1057 920 1134 temporis
944 1059 1034 1117 etiam
1058 1058 1187 1132 ratione,
1216 1061 1250 1116 ut
1278 1058 1454 1130 videbimus,

281 1164 421 1236 suspecta
444 1164 522 1220 eunt.

368 1259 473 1335 Neque
496 1259 585 1317 aliter
608 1277 656 1316 ree
681 1256 836 1333 sehabet,
860 1256 886 1314 ei
909 1254 1072 1314 condicioni
1096 1254 1306 1329 exprimendae
1329 1244 1384 1313 ἐάν
1406 1256 1455 1315 vel

278 1352 318 1434 ήν
340 1377 408 1416 oum
429 1356 616 1416 coniunctivo
635 1355 804 1414 adhibetur.
842 1353 909 1412 Niei
928 1353 1007 1412 enim
1026 1351 1190 1412 infinitivus
1209 1353 1305 1411 futuri
1325 1353 1454 1428 ponitur,

280 1457 362 1514 cuiue
395 1455 532 1529 exempla
564 1454 671 1512 afferre
705 1451 896 1527 supersedeo,
933 1443 971 1508 άν
1007 1450 1153 1510 infinitivo
1191 1443 1273 1530 (nam
1307 1451 1456 1526 participii

281 1554 418 1628 exempla
444 1547 524 1626 apud
553 1550 757 1625 Thucydidem
784 1569 843 1610 non
870 1537 985 1628 inveni)
1020 1548 1143 1624 adiungi
1176 1550 1260 1608 solet.
1311 1549 1456 1624 Exempla

280 1652 369 1709 huius
389 1650 508 1724 generis
527 1649 599 1706 haec
619 1650 700 1706 sunt:
725 1647 769 1704 IV
791 1651 840 1722 19,
861 1651 879 1706 2
907 1643 1059 1724 νομίζομέν
1077 1668 1106 1706 τε
1125 1639 1175 1719 τάς
1199 1640 1325 1726 μεγάλας
1348 1643 1456 1724 ἔχθρας

281 1739 392 1825 μάλιστ’
422 1738 461 1804 dv
490 1735 663 1804 διαλύεσθαι
693 1743 834 1823 βεβαίως,
863 1739 918 1806 οὐκ
946 1737 985 1824 ήν
1012 1734 1252 1823 άνταμυνόμενάς
1279 1767 1321 1816 τις
1349 1787 1356 1802 .
1382 1789 1387 1803 .
1416 1735 1455 1821 μή

282 1837 340 1904 άπὸ
370 1845 423 1902 τοῦ
456 1841 522 1903 ἴσον
555 1841 666 1926 ξυμβή,
697 1835 760 1901 ἄλλ’
790 1835 830 1920 ήν
859 1885 865 1899 .
892 1889 898 1901 .
930 1841 1050 1920 μετρίως
1080 1843 1256 1924 ξυναλλαμή,
1289 1842 1332 1899 VI
1361 1845 1413 1918 49,
1437 1844 1455 1900 2

285 1939 430 2018 αἰφνίδιον
454 1935 486 1999 δὲ
508 1932 548 2016 ήν
570 1935 786 2017 προσπέσωσιν,
811 1987 844 2001 ..
874 1933 985 2018 μάλιστ’
1012 1932 1050 1999 dv
1073 1945 1157 2016 σφεῖς
1180 1937 1385 2020 περιγενέσθαι
1407 1936 1457 1999 καί

283 2033 355 2099 κατά
383 2032 479 2098 πάντα
508 2031 546 2097 άν
573 2031 681 2110 αὐτοὺς
704 2035 883 2116 ἐκφοβῆσαι,
913 2041 964 2112 96,
990 2041 1005 2096 1
1036 2036 1221 2115 νομίσαντες,
1249 2032 1303 2098 ἐὰν
1330 2030 1369 2116 μή
1398 2040 1457 2096 τῶν

282 2132 451 2198 Ἐπιπολῶν
469 2130 652 2214 κρατήσωσιν
671 2135 702 2196 ol
718 2129 885 2214 Ἀθηναῖοι,
905 2184 911 2197 .
931 2180 938 2195 .
959 2128 1014 2196 οὐκ
1037 2128 1075 2194 άν
1099 2135 1208 2217 ῥᾳδίως
1231 2139 1309 2213 σφᾶς
1329 2183 1336 2196 .
1356 2182 1362 2196 .
1386 2129 1456 2195 άπο-

283 2238 473 2314 τειχισθῆναι.
481 2226 507 2314 ¹)
558 2234 617 2294 Ubi
644 2229 682 2294 άν
711 2236 874 2311 omittitur,
908 2254 998 2294 causa
1030 2235 1093 2294 eiue
1126 2234 1170 2293 rei
1200 2236 1288 2294 facile
1320 2235 1458 2312 cognosci

284 2337 393 2412 potest.
438 2334 481 2392 IV
511 2335 539 2408 3·‚
570 2336 588 2391 3
623 2331 652 2392 οἱ
681 2329 713 2392 δὲ
740 2327 849 2404 πολλάς
876 2330 992 2410 ἔφασαν
1026 2325 1101 2392 εἶναι
1129 2326 1221 2412 άκρας
1250 2324 1378 2411 ἐρήμους
1406 2333 1457 2408 τῆς

285 2423 533 2507 Πελοποννήσου,
559 2421 599 2507 ἢν
621 2424 763 2507 βούληται
785 2424 1019 2509 καταλαμβάνων
1041 2423 1095 2508 τήν
1117 2423 1206 2490 πόλιν
1229 2430 1368 2490 δαπανᾶν
1396 2450 1459 2490 sen-

287 2530 382 2589 tentia
409 2528 446 2586 ad
475 2546 564 2603 quam
592 2527 723 2586 condicio
753 2531 870 2603 spectat
897 2533 1017 2606 praeter
1046 2548 1113 2588 eam
1142 2532 1248 2605 suapte
1276 2531 1306 2590 vi
1333 2532 1417 2589 cenet
1437 2530 1458 2588 t.

286 2627 385 2685 Aliter
412 2629 601 2700 comparatus
630 2630 676 2685 eet
703 2629 785 2686 locus
809 2627 852 2686 VI
876 2631 927 2702 49,
957 2631 974 2686 2
1003 2619 1035 2686 τὸ
1063 2620 1119 2706 γάρ
1145 2629 1263 2704 πρῶτον
1290 2631 1351 2687 πᾶν
1378 2623 1460 2706 στρά-

286 2746 376 2802 τευμα
396 2717 564 2784 δεινότατον
584 2716 668 2784 εἶναι·
695 2717 736 2803 ήν
756 2721 787 2785 δὲ
806 2727 929 2808 χρονίσφ
948 2723 1019 2803 πρὶν
1037 2723 1066 2797 ἐς
1085 2719 1159 2802 ὄψιν
1177 2723 1285 2802 ἐλθεῖν,
1304 2729 1337 2811 τή
1356 2720 1459 2808 γνωμῃ

287 2818 533 2900 άναθαρσοῦντας
560 2815 742 2901 άνθράπονς
770 2821 819 2882 καὶ
847 2827 880 2904 τῇ
909 2820 978 2901 ὄψει
1001 2828 1197 2902 καταφρονεῖν
1221 2827 1338 2903 μᾶλλον.
1384 2825 1459 2884 (lum

287 2924 367 2983 enim
389 2923 476 2981 facile
499 2923 603 2997 pateat
625 2922 657 2980 in
680 2922 822 2997 exemplis
847 2922 933 2981 modo
956 2921 1081 2996 prolatis
1105 2922 1251 2982 infinitivo
1280 2943 1345 2982 eum
1370 2917 1408 2983 άν
1430 2924 1459 2980 iu

289 3023 422 3082 oratione
446 3021 568 3095 obliqua
590 3020 687 3094 posito
711 3019 891 3095 respondere
913 3019 944 3077 in
968 3020 1102 3079 oratione
1125 3024 1208 3079 recta
1231 3021 1363 3080 ciusdem
1387 3025 1459 3080 tem·

288 3121 368 3195 poris
396 3118 564 3193 optativum
593 3137 659 3176 eum
687 3111 739 3192 άν,
767 3119 846 3177 nudo
873 3117 1020 3177 infinitivo
1044 3118 1139 3176 futuri
1162 3119 1293 3179 eiusdem
1318 3120 1461 3195 temporis

290 3215 491 3291 indicativum,
514 3216 570 3273 hoc
593 3215 656 3273 loco
681 3215 829 3274 sententia
851 3215 999 3290 generalis
1019 3216 1050 3274 in
1068 3216 1203 3276 oratione
1221 3220 1303 3276 reeta
1326 3217 1461 3277 indiceti-

289 3333 360 3373 vum
388 3312 555 3386 praesentis
583 3312 729 3385 postulat:
762 3304 801 3389 ἢν
829 3308 861 3372 δὲ
889 3311 1025 3392 χρονίσφ,
1057 3306 1215 3391 άνθρωποι
1241 3317 1462 3392 καταφρονοῦσι

292 3411 408 3487 μᾶλλον.
451 3408 557 3485 Neque
579 3410 684 3486 negari
706 3412 808 3485 potest
830 3411 934 3470 eedem
958 3412 1074 3469 ratione
1096 3411 1274 3472 infinitivum
1299 3413 1463 3472 condicioni

290 3508 370 3566 nudo
394 3507 528 3582 optatIvo
552 3508 724 3568 enuntiatae
748 3503 977 3587 subiectumud'v
997 3510 1146 3584 particula
1164 3529 1265 3570 carere
1284 3530 1380 3587 posse.
1417 3511 1462 3569 De

291 3626 323 3665 re
351 3605 517 3680 praeterita
545 3605 624 3664 enim
652 3606 684 3664 iu
711 3607 860 3666 sententia
884 3607 1019 3682 generali
1041 3608 1175 3682 optativo
1199 3608 1304 3669 Graeci
1328 3611 1463 3668 utuntur.

293 3704 398 3779 Itaque
422 3701 497 3761 VIII
522 3705 572 3775 66,
597 3705 615 3760 2
645 3702 671 3762 εἰ
697 3698 730 3761 de‘
756 3726 798 3775 τις
825 3701 874 3763 καὶ
902 3698 1047 3779 άντείποι,
1075 3699 1168 3778 εὐθὺς
1192 3754 1198 3766 .
1223 3753 1229 3765 .
1260 3700 1410 3785 ἐτεθνήκει
1432 3706 1463 3764 in

294 3803 428 3861 oratione
447 3800 569 3876 oblique
588 3801 662 3859 hano
683 3802 808 3860 formam
827 3803 964 3862 indueret
986 3800 1012 3861 εἰ
1030 3797 1062 3860 δέ
1080 3823 1121 3874 τις
1140 3800 1189 3862 καλ
1210 3795 1350 3879 άντείποι,
1369 3800 1464 3882 ἔλεγεν

293 3892 388 3970 εὐθὺς
411 3890 503 3958 αὐτὸν
525 3894 709 3976 τεθνηκέναι.
750 3900 854 3976 Neque
878 3900 966 3960 aliter
989 3918 1036 3960 ree
1061 3919 1093 3959 ee
1116 3902 1216 3977 habet,
1236 3903 1265 3984 ¹ei
1288 3903 1357 3962 talis
1382 3906 1464 3977 opte-

293 4001 373 4060 tivue
398 3999 536 4075 obliquus
561 4000 607 4056 eet
629 4017 683 4073 pro
706 3999 892 4062 coniunctivo
916 3999 1050 4076 generali
1068 4000 1192 4076 positus,
1216 4001 1264 4059 eui
1286 4001 1391 4077 generi
1413 4001 1464 4059 ad·

294 4099 423 4157 scribere
451 4097 522 4156 licet
549 4098 719 4171 exemplum
745 4097 788 4155 IV
817 4101 867 4171 11,
894 4100 914 4158 4
942 4097 1001 4156 alia
1029 4097 1066 4156 de
1093 4117 1184 4158 causa
1211 4117 1302 4182 supra
1329 4098 1464 4174 allatum,

370 4341 394 4408 l)
414 4338 542 4392 Alienum
563 4339 605 4391 est
623 4336 675 4390 VII
694 4343 736 4405 λλ,
757 4344 772 4392 6
797 4334 831 4407 ἢν
855 4335 1073 4410 άντιλαβάμεθά
1096 4357 1146 4392 του
1168 4339 1262 4406 φιλίου
1282 4339 1384 4408 χωρίου
1405 4379 1465 4405 ...,

297 4412 351 4484 ήδη
370 4419 494 4486 νομίζετε
517 4414 547 4472 ἐν
566 4417 604 4489 τῷ
625 4412 714 4489 ίχνρῷ
734 4413 817 4485 εἷναι,
837 4419 886 4472 ubi
910 4416 1038 4474 condicio
1056 4435 1112 4472 non
1126 4418 1162 4472 ad
1177 4413 1208 4472 ἐν
1222 4418 1260 4488 τῷ
1277 4415 1366 4491 ἐχυρῷ
1382 4414 1466 4486 εἶναι,

295 4495 344 4550 sed
363 4497 398 4550 ad
417 4498 542 4565 νομίζετε
561 4497 689 4552 refertur.
