3322 5138
744 359 958 422 ...24-

264 525 454 601 potissimum
487 543 573 582 usum
605 526 756 598 spectasse
789 524 929 585 videntur
961 527 1078 584 veteres
1106 523 1295 602 grammatici
1323 523 1374 598 qui
1402 523 1440 581 ab

265 625 383 681 exculto
407 640 542 681 sermone
564 615 603 680 riv
626 641 693 682 cum
712 623 814 681 futuro
834 623 964 681 alienum
983 641 1049 682 esse
1068 622 1215 682 dixerunt.
1223 612 1249 701 ¹)
1282 620 1325 680 cf.
1347 621 1440 683 Bekk.

266 722 377 780 Anecd.
405 741 434 796 p.
465 723 525 779 127
555 716 686 797 μέλλοντι
713 713 729 781 δ
758 717 812 800 μέν
839 722 1045 800 γραμματικῶν
1076 713 1177 779 κανὼν
1209 712 1266 778 osis
1298 715 1443 796 ἐπιτρέπει

267 811 345 899 (scil.
369 814 408 878 δν
430 810 636 899 particulam),
663 812 743 897 παρὰ
770 823 831 891 τοῖς
858 811 990 897 ἄρχαίοις
1018 814 1051 878 δέ
1080 811 1135 878 οὐκ
1162 811 1245 897 ὀλίγα
1272 810 1441 895 εὑρίσκεται.

832 1069 882 1140 [λλ.

357 1214 392 1271 In
416 1212 515 1271 titulis
539 1209 650 1270 Atticis
674 1209 798 1269 Euclide
822 1209 965 1270 archonte
988 1210 1206 1286 antiquioribus
1231 1211 1341 1288 ubique
1364 1205 1445 1282 ὅπως

268 1329 334 1369 cunr
364 1310 551 1370 coniunctivo
578 1302 617 1366 δν
646 1327 744 1366 secum
773 1307 878 1385 habet;
908 1309 1036 1384 primum
1064 1301 1145 1379 ὅπως
1173 1327 1239 1368 cum
1268 1309 1347 1367 nudo
1376 1327 1442 1367 con-

267 1409 399 1466 iunetivo
433 1408 526 1466 iuncti
559 1407 726 1481 exemplum
761 1409 808 1464 est
839 1409 870 1464 in
898 1405 983 1482 Oorp.
1012 1407 1100 1466 inser.
1128 1405 1191 1464 Ait.
1219 1407 1249 1465 II
1279 1409 1340 1466 115
1370 1410 1444 1466 extr.

269 1502 468 1584 ἐπιμελεῖσθαι
487 1488 529 1563 ’δὲ
556 1501 607 1563 καὶ
633 1495 702 1574 τοὺς
732 1497 910 1581 στρατηγοὺς
938 1549 944 1564 .
974 1551 979 1564 .
1007 1550 1013 1564 .
1048 1498 1129 1576 ὅπως
1157 1497 1305 1583 Ἀρήββας
1336 1501 1386 1564 καλ
1417 1504 1448 1565 οἱ

269 1602 372 1675 παῖδες
399 1596 492 1662 αὐτοῦ
520 1595 744 1679 <κομί>σωνται
773 1595 829 1678 τήν
855 1595 950 1681 ἀρχήν
977 1604 1066 1679 idque
1094 1623 1186 1661 unum
1210 1603 1310 1678 quarti
1334 1603 1445 1662 saeculi

271 1693 311 1780 (a.
346 1696 440 1777 34312
477 1719 503 1759 a.
538 1691 620 1780 Ob),
656 1718 724 1758 cum
761 1699 850 1758 tertio
888 1701 1007 1758 demum
1044 1701 1094 1759 hic
1130 1719 1201 1758 usus
1239 1700 1445 1759 increbrescat.

271 1797 314 1855 Of.
339 1797 492 1857 Herwerd.
516 1795 620 1872 Lepid.
650 1796 686 1855 de
715 1797 783 1855 dial.
808 1797 872 1858 Att.
896 1798 1007 1858 testim.
1031 1819 1058 1874 p.
1085 1801 1199 1874 73sqq.
1240 1790 1292 1870 Ὡς
1315 1797 1403 1857 finale
1427 1817 1446 1856 a

271 1895 369 1954 titulis
384 1894 495 1954 Atticis
510 1898 579 1953 ante
599 1895 730 1953 aetatem
750 1893 974 1970 imperatoriam
993 1896 1081 1956 factis
1101 1897 1220 1955 omnino
1239 1896 1334 1958 abest.
1372 1895 1446 1954 Cum

272 2010 407 2050 sermone
431 1993 624 2068 epigraphico
649 1992 790 2070 comicus,
818 1997 1029 2070 praeterquam
1058 1995 1136 2070 quod
1160 1985 1200 2065 ὡς
1224 1994 1311 2053 finale
1334 1994 1448 2069 pariter

272 2093 361 2165 atque
381 2083 462 2162 ὅπως
485 2090 628 2164 admittit,
652 2091 696 2148 ita
719 2092 868 2150 consentit
891 2095 925 2152 ut
943 2093 975 2150 in
997 2092 1133 2167 partibus
1157 2087 1313 2168 dialogicis
1337 2092 1448 2168 ubique

271 2190 309 2247 ad
333 2180 372 2260 ιδς
395 2191 426 2247 et
449 2182 530 2260 ὅπως
554 2208 621 2247 cum
645 2189 831 2248 coniunctivo
855 2179 894 2249 tv
915 2190 1051 2248 additum
1071 2190 1118 2248 sit.
1157 2191 1237 2248 Nam
1257 2191 1283 2249 si
1301 2190 1448 2249 mittimus

273 2287 366 2347 Arist.
390 2287 460 2362 Lys.
487 2288 581 2345 1265.
607 2289 702 2362 1305,
726 2286 777 2344 ubi
801 2279 840 2358 ὡς
863 2307 930 2347 cum
954 2288 1034 2347 nudo
1062 2288 1248 2348 coniunctivo
1271 2289 1304 2346 in
1327 2286 1449 2347 canticis

272 2385 389 2444 Derieis
414 2388 467 2460 est,
492 2404 558 2444 oum
581 2383 660 2442 nudo
685 2385 872 2444 coniunctivo
895 2378 977 2458 ὅπως
995 2385 1084 2462 Vesp.
1107 2388 1191 2446 1526
1216 2387 1247 2445 in
1271 2386 1384 2444 cantico
1404 2388 1450 2443 est

182 2495 184 2502 ’
274 2487 304 2541 et
333 2475 372 2553 ὡς
398 2483 478 2541 Eccl.
505 2483 567 2540 286
597 2481 629 2538 in
656 2483 841 2542 tetrametris
872 2483 1007 2543 iambicis
1038 2483 1153 2542 cantico
1181 2483 1354 2560 praemissis
1382 2501 1449 2540 eum

275 2599 369 2656 eoque
392 2579 518 2653 conexis,
542 2580 573 2637 in
596 2579 673 2638 Eccl.
698 2583 799 2639 autem
823 2602 849 2641 v.
875 2583 937 2638 117
962 2575 1154 2658 ξυνελέγημεν
1177 2572 1287 2638 ἐνθάδε
1310 2611 1347 2618 -
1369 2573 1450 2650 ὅπως

274 2670 529 2755 προμελετήσωμεν
566 2668 635 2736 διιεῖ
667 2677 716 2737 δεῖ
748 2675 842 2758 λέγειν
873 2683 953 2738 recte
987 2679 1145 2737 Valsenius
1181 2672 1449 2756 προμελετήσαιμεν

275 2777 438 2834 secundum
462 2776 611 2852 reliquum
630 2775 842 2853 Aristophanis
865 2798 959 2853 usum,
984 2777 1035 2853 qui
1054 2777 1084 2834 in
1104 2777 1360 2836 enuntiationibus
1379 2776 1452 2834 fiua-

274 2873 354 2933 libue
378 2875 503 2935 uerbum
526 2875 683 2950 praeteriti
707 2876 850 2951 temporis
875 2875 1127 2952 subsequentibus
1151 2877 1219 2949 post
1239 2866 1278 2946 ὡς
1297 2878 1351 2934 aut
1369 2864 1451 2945 ὅπως

275 3097 422 3166 Participii
440 3096 510 3152 haec
529 3097 605 3150 sunt:
624 3095 909 3163 Xen.Mem.112,3
928 3092 966 3158 uie
985 3092 1038 3152 οὕιι
1056 3092 1093 3152 δν
1113 3099 1240 3167 μείζονος
1259 3098 1349 3151 κακοῦ
1370 3093 1451 3168 φόβῳ

275 3174 326 3245 τήν
354 3174 471 3229 ἀδικίαν
504 3172 660 3236 παύσοντες
695 3171 867 3245 (παύσαντες
897 3177 1023 3243 Corabs),
1056 3176 1117 3246 Lys.
1146 3177 1236 3230 XXXI
1264 3183 1297 3230 21
1327 3167 1360 3230 εὖ
1388 3171 1452 3247 ,ήδει

277 3251 365 3309 αὐτὸν
382 3296 387 3306 .
404 3296 432 3308 ..
452 3251 487 3307 sci
508 3252 610 3308 δέοντα
630 3249 668 3308 δν
686 3251 841 3322 ποιήσοντα
861 3249 907 3324 (δν
927 3273 961 3310 ex
980 3254 1083 3310 δέοντα
1103 3257 1252 3326 repetitum
1273 3258 1327 3310 del.
1348 3257 1453 3324 Dobr.),

277 3337 347 3392 Plat.
369 3334 447 3402 Apol.
469 3334 531 3387 30b
551 3329 587 3396 ὡς
607 3329 675 3404 ἐμοῦ
695 3331 747 3389 οὐκ
766 3329 803 3389 δυ
822 3331 989 3403 ποιήσοντας
1007 3332 1188 3404 (ποιήσαντος
1207 3335 1293 3403 Coa),
1312 3337 1395 3390 Isocr.
1415 3331 1453 3388 Vl

278 3422 319 3470 62.
346 3421 378 3468 63
404 3409 554 3482 ἐπίσταμαι
574 3455 579 3466 .
600 3455 632 3469 ..
657 3411 754 3469 ὁτιοῦν
777 3409 814 3469 δν
838 3412 1008 3483 ποιήσοντας
1031 3459 1037 3471 .
1058 3460 1064 3471 .
1085 3460 1091 3471 .
1120 3413 1223 3486 δμοίως
1246 3411 1282 3469 διν
1306 3417 1452 3486 βουλευσο-

278 3492 365 3564 μένας
384 3538 390 3549 .
407 3536 412 3546 .
430 3536 435 3547 .
455 3490 610 3562 προθύμως
631 3488 667 3548 διν
686 3490 755 3564 ἡμῖν
775 3493 1013 3564 ἐπικουρήσοντας
1031 3492 1214 3564 (ποιήσαντας
1233 3539 1239 3550 .
1255 3539 1282 3551 .,
1304 3498 1453 3567 βουλευσα-

278 3573 365 3644 μένας
386 3618 391 3630 .
412 3617 417 3628 .
439 3617 444 3628 .
466 3568 709 3642 ἐπικουρήσοντας
728 3575 816 3643 (lob),
834 3575 901 3629 VIII
921 3581 953 3630 81
973 3573 1007 3629 ui
1028 3574 1082 3646 μέν
1099 3573 1255 3645 πικρότατα
1275 3576 1323 3630 κοιλ
1342 3573 1452 3645 μάλιστ’

280 3651 315 3708 δυ
330 3650 405 3724 ὑμᾶς
419 3649 579 3722 λοπήσοντα
594 3651 767 3723 (λυπήσαντα
779 3655 864 3722 (lob),
880 3654 997 3708 Philem.
1013 3655 1113 3710 comici
1127 3657 1226 3725 fragm.
1238 3663 1269 3710 91
1287 3657 1341 3725 (ed.
1355 3655 1452 3724 Kcolr.)

278 3730 312 3790 δν
333 3732 399 3788 οὐδὲ
421 3733 461 3796 εἷς
479 3731 600 3802 λέληθεν
620 3729 686 3788 οὐδέ
704 3732 738 3788 ‘iv
758 3737 847 3790 ποιῶν
863 3766 895 3774 -
912 3731 973 3788 οὐδ
995 3729 1030 3788 δν
1049 3732 1175 3804 ποιήσων
1195 3731 1271 3805 (οὐδ’
1292 3727 1330 3790 αὖ
1350 3737 1452 3790 Walre-

278 3816 376 3883 field.);
400 3830 471 3867 unus
494 3814 582 3866 restat
604 3813 681 3867 locus
705 3813 781 3868 cuius
811 3816 969 3870 emendatio
993 3817 1117 3884 aliquam
1136 3816 1331 3870 difficultatem
1351 3814 1453 3870 habere

278 3896 420 3963 videatur,
448 3894 496 3948 sed
519 3910 575 3948 non
598 3894 685 3948 habet
709 3894 823 3963 cognita
847 3894 1021 3964 corruptelae
1050 3895 1170 3964 origine,
1200 3894 1343 3950 Demosth.
1364 3896 1401 3948 IX
1421 3900 1454 3948 70

278 3973 367 4030 πάλαι
385 3996 427 4038 τις
445 3970 536 4044 ἡδέως
555 3967 592 4027 δν
611 3975 676 4036 ἴσως
692 3970 840 4044 ἐρωτήσων
855 3973 996 4044 adlimam
1016 3992 1078 4029 cum
1094 3976 1168 4031 enim
1183 3978 1248 4039 ι”σως
1262 3976 1291 4029 in
1306 3975 1455 4044 compluri-

279 4059 330 4110 bus
351 4055 429 4110 libris
450 4055 605 4121 omittatur,
625 4054 763 4124 genuinae
783 4056 938 4124 scripturae
957 4053 1048 4124 ἡδέως
1066 4050 1103 4109 <lv
1124 4051 1235 4124 ἐρωτῶν
1251 4053 1455 4124 interpretandi

280 4153 364 4189 causa
393 4135 504 4188 videtur
536 4136 600 4196 lber
630 4130 779 4203 ἐρωτήσων
808 4135 1026 4205 superscriptum
1057 4134 1142 4190 fuisse
1169 4136 1243 4190 hune
1270 4135 1299 4189 in
1328 4135 1453 4188 modum:

360 4217 425 4276 ἴσως
436 4210 583 4281 ἐρωτήσων
880 4227 881 4230 ’

280 4283 370 4354 ἡδέως
392 4279 429 4340 δέν
453 4282 572 4354 ἐρωτῶν.

354 4365 467 4435 1)·Νοα
490 4366 575 4419 laudo
599 4365 816 4422 Herwerdenum
840 4369 914 4437 quod
937 4366 1023 4422 etiam
1047 4366 1083 4420 ab
1102 4366 1222 4422 Homero
1242 4361 1278 4421 ἄν
1299 4365 1372 4436 (κέν)
1392 4382 1455 4420 eum

282 4447 377 4500 futuro
397 4445 570 4500 abiudicavit
589 4445 693 4514 (Revue
713 4448 746 4502 de
766 4449 834 4516 phil.
855 4449 891 4502 VI
912 4467 938 4517 p.
958 4447 1080 4514 περιρ).
