3310 5140
800 453 1019 517 „66-

320 624 473 698 scriptura
492 625 547 695 est,
570 621 648 696 quod
672 619 828 679 confirmat
848 618 1005 694 AmphidIs
1025 619 1129 678 comici
1152 619 1260 696 fragm.
1280 621 1309 678 9.
1344 617 1513 679 Contrario

324 721 398 781 vitio
417 720 448 778 ΙΙ
469 722 520 796 92,
541 720 557 778 1
578 717 609 778 in
629 717 745 776 duobus
765 716 851 776 libris
870 709 1044 792 κελεύματος
1066 716 1207 776 scribitur
1226 735 1280 792 pro
1299 710 1512 794 κελεύσματος.

324 815 367 877 cf.
387 813 583 893 κεκέλενσμαι.
620 815 756 874 Atticum
775 833 835 874 non
859 831 923 874 esse
946 807 1092 891 τάμωμεν,
1116 815 1195 891 quod
1215 813 1230 873 I
1250 816 1302 886 81,
1323 817 1341 874 6
1365 815 1398 874 in
1416 815 1511 876 libris

322 914 468 974 traditum
490 917 544 989 est,
565 912 617 973 sed
635 909 766 990 τέμωμεν
784 911 993 986 inscriptiones
1013 911 1120 970 docent
1139 905 1308 990 (Meisterh.
1326 909 1346 988 ξ
1364 915 1417 987 43,
1439 907 1512 992 24).

322 1013 428 1090 Neque
451 1011 548 1088 magis
572 1011 741 1088 κεκμηῶιας
764 1001 1014 1087 prosternatione
1032 1007 1064 1068 in
1082 1009 1233 1084 plerisque
1252 1009 1336 1070 libris
1356 1009 1512 1085 scriptum

322 1109 369 1168 III
392 1112 443 1184 59,
469 1113 497 1168 2.
535 1108 580 1168 cf.
603 1107 742 1166 Eustath.
766 1126 794 1181 p.
820 1107 893 1182 641,
917 1109 945 1166 2.
968 1106 1044 1166 Poll.
1068 1106 1115 1165 III
1140 1109 1212 1167 106.
1260 1105 1372 1167 Contra
1390 1107 1510 1167 Atticis

321 1227 446 1286 prorsus
470 1207 630 1268 inusitatas
654 1205 747 1264 fuisse
770 1203 883 1264 formas
908 1196 1032 1276 ἐοικότες
1055 1197 1117 1280 (111
1142 1205 1192 1279 38,
1218 1195 1252 1284 5)
1281 1198 1385 1276 έοικύς
1411 1199 1510 1284 (VIII

324 1309 374 1379 71,
400 1298 433 1386 2)
464 1300 591 1366 ἐοικέναι
614 1321 669 1378 pro
692 1295 799 1373 εἰκόνες
823 1297 908 1372 εἰκύς
931 1298 1054 1376 εἰκέναι,
1084 1302 1165 1378 quod
1187 1302 1340 1362 contendit
1363 1303 1511 1364 Herwer-

322 1401 424 1478 denua,
449 1419 509 1460 non
529 1400 603 1460 satis
622 1399 742 1460 videtur
761 1401 906 1458 constare.
943 1398 1023 1457 Nam
1040 1399 1114 1458 haee
1131 1417 1185 1476 per
1206 1399 1312 1458 falsam
1331 1399 1510 1477 analogiam

320 1499 359 1558 ad
384 1499 569 1573 singularem
592 1494 674 1556 ἐοικα
697 1497 802 1556 eadem
825 1497 942 1555 ratione
966 1498 1189 1557 accommodata
1212 1515 1278 1557 esse
1296 1505 1425 1573 possunt
1445 1519 1510 1576 qua

321 1595 353 1656 in
375 1591 492 1674 έόιγμεν
516 1586 622 1675 (Soph.
646 1593 694 1652 ni.
716 1595 811 1654 1239.
838 1585 909 1652 Eur.
934 1593 1052 1654 Heracl.
1078 1597 1151 1654 427.
1176 1597 1249 1654 681.
1275 1593 1356 1672 Cyol.
1377 1590 1435 1678 99)
1462 1599 1508 1656 in-

320 1692 421 1752 didem
452 1712 480 1751 οι
508 1711 563 1766 pro
591 1714 601 1751 ι
628 1691 752 1766 irrepsit
783 1683 844 1771 (Of.
875 1689 910 1749 G.
937 1691 1016 1767 Moy.
1046 1691 1097 1750 Gr.
1127 1691 1177 1751 Gr.
1207 1691 1226 1767 ᾗ
1251 1694 1314 1752 549
1331 1685 1388 1774 sq.)
1439 1695 1509 1755 Nec

321 1789 431 1848 desunt
459 1807 535 1864 quae
564 1807 628 1848 rem
657 1788 776 1848 firment
802 1789 962 1863 poctarum
992 1790 1135 1866 exempla.
1187 1790 1271 1849 Licet
1304 1791 1384 1850 enim
1417 1793 1506 1854 salvo

320 1890 417 1945 metro
445 1887 476 1944 in
508 1887 601 1946 Arist.
630 1884 720 1963 Vesp.
751 1888 836 1945 1142
871 1889 902 1944 et
931 1884 1039 1964 fragm.
1070 1889 1132 1946 646
1162 1885 1254 1946 Kock.
1286 1906 1340 1963 pro
1373 1884 1507 1950 ἐοικέναι

320 1983 417 2059 possii
440 1980 625 2063 προσεικέναι
645 1984 723 2060 poni,
748 1987 850 2043 tamen
872 1983 947 2042 miro
966 2001 1037 2042 casu
1056 1983 1172 2042 duobus
1195 1985 1408 2045 diversissimis
1427 1986 1504 2048 locis

319 2081 400 2140 idem
427 2082 534 2141 vitium
563 2080 737 2140 exstitisset.
782 2080 890 2156 Itaque
916 2099 953 2139 ne
982 2081 1014 2139 in
1037 2080 1127 2158 Soph.
1156 2081 1276 2156 quidem
1303 2082 1410 2158 fragm.
1437 2086 1503 2143 682

321 2177 411 2237 Dind.
440 2182 535 2250 σκιαῖς
563 2173 689 2251 ἐοικότες
716 2179 747 2238 in
775 2181 903 2237 σκιαῖσιν
926 2171 1033 2250 εἰκότος
1057 2179 1236 2238 mutandum
1259 2198 1325 2240 esse
1348 2185 1504 2256 putamus.

321 2274 434 2336 Contra
456 2277 533 2336 falso
558 2277 641 2336 codd.
664 2277 707 2335 VI
732 2278 784 2348 55,
809 2278 827 2333 2
851 2267 1043 2353 ἀπεοικότως,
1072 2295 1139 2335 cum
1163 2277 1286 2353 reliquis
1309 2277 1382 2336 locis
1407 2279 1503 2337 omni·

320 2376 377 2434 bus
412 2375 467 2435 rh.
501 2367 619 2446 εἰκότως
652 2378 683 2433 et
715 2367 876 2445 ἀπεικότως
908 2365 937 2453 (Ι
967 2374 1018 2448 73,
1049 2376 1075 2433 1.
1108 2372 1139 2431 11
1169 2375 1197 2447 8,
1229 2377 1256 2432 1.
1288 2373 1364 2434 VIII
1390 2376 1440 2447 68,
1466 2368 1504 2456 4)

321 2472 441 2531 habeat.
503 2471 630 2531 Veteres
667 2471 765 2530 Attici
800 2474 904 2530 utrum
940 2466 1112 2547 ἐπιμέλομαι
1149 2490 1188 2529 an
1224 2468 1416 2548 ἐπιμελοῦμαι
1452 2474 1505 2533 vel

320 2572 482 2644 utrumque
506 2567 637 2627 dixerint
660 2587 695 2626 ex
718 2569 817 2628 titulis
841 2571 910 2627 ante
928 2567 1084 2626 Euclidem
1104 2568 1191 2628 factis
1212 2567 1369 2628 diiudicari
1387 2572 1505 2646 nequit.

321 2665 432 2726 Postea
459 2666 529 2725 inde
552 2665 591 2724 ab
614 2685 640 2724 a.
666 2668 728 2726 369
754 2685 781 2726 a.
805 2664 858 2726 Oh.
881 2665 1033 2724 invenltnr
1057 2662 1262 2742 incauteriatur,
1294 2667 1346 2726 sed
1369 2664 1504 2744 ἐπιμέλο-

320 2787 372 2841 μαι
405 2765 497 2825 etiam
524 2783 550 2824 a.
579 2766 642 2824 322
673 2783 697 2823 a.
728 2762 780 2822 Oh.
814 2757 864 2842 (of.
895 2762 1048 2822 Meisterh.
1082 2759 1101 2837 ξ
1127 2765 1179 2835 43,
1209 2755 1275 2843 11).
1325 2764 1431 2841 Neque
1466 2786 1504 2826 ex

320 2867 477 2937 poetarum
510 2863 713 2921 scaenicorum
746 2879 802 2919 usu
835 2879 882 2920 res
914 2862 995 2918 certo
1027 2861 1225 2936 cognoscitur.
1276 2860 1355 2920 Nam
1387 2863 1504 2938 legitur

320 2961 441 3035 quidem
478 2952 696 3036 ἐπιμελούμεθα
723 2951 763 3015 'in
796 2957 867 3017 Eur.
899 2957 1010 3017 Phccn.
1045 2959 1123 3036 556,
1162 2959 1213 3017 sed
1249 2960 1281 3017 in
1312 2961 1451 3021 versibus
1486 2983 1505 3024 a

319 3057 455 3117 Nauckio
480 3056 595 3135 eiectis,
624 3061 655 3115 et
677 3056 709 3115 in
731 3055 825 3114 Arist.
849 3051 937 3129 Vesp.
965 3056 1037 3115 154.
1070 3055 1149 3115 Plut.
1176 3059 1259 3115 1117
1290 3076 1344 3132 per
1370 3061 1504 3120 metrum

320 3150 458 3231 ἐπιμέλον
497 3158 527 3212 et
564 3145 733 3230 ἐπεμέλεσθ’
769 3153 897 3212 scribere
930 3152 1009 3214 licet.
1065 3151 1189 3212 Certum
1222 3159 1269 3212 est
1302 3154 1356 3213 Th.
1388 3156 1504 3232 ubique

320 3246 529 3327 μεταμέλεσθαι
543 3278 547 3285 ·
560 3250 678 3309 dixisse.
724 3250 773 3308 Ad
800 3249 879 3324 quod
908 3269 974 3308 oum
1002 3251 1181 3310 conveniant
1203 3252 1289 3311 verbi
1312 3248 1504 3330 ἐπιμέλεσθαι

320 3348 434 3407 formae
459 3347 567 3423 quibus
591 3367 663 3407 usus
692 3352 739 3408 est
763 3347 806 3406 VI
830 3350 882 3423 54,
908 3351 935 3408 6.
968 3348 1027 3406 VH
1052 3351 1103 3424 39,
1128 3351 1157 3422 2,
1184 3350 1309 3426 reliquis
1337 3351 1411 3410 locis
1441 3344 1502 3433 (IV

323 3447 399 3521 118,
428 3446 456 3504 3.
495 3445 538 3503 VI
569 3447 623 3520 91,
652 3448 681 3507 5.
719 3447 840 3522 vna,
870 3448 898 3505 3.
931 3445 1006 3504 VIII
1036 3448 1092 3522 39,
1124 3442 1157 3527 2)
1191 3447 1401 3524 corrigendum
1434 3468 1501 3510 esse

319 3561 482 3604 censemus.
529 3543 699 3603 Praesentis
728 3543 871 3620 αἴσθομαι
898 3545 1016 3602 nullum
1044 3545 1124 3619 apud
1147 3545 1202 3604 Th.
1231 3546 1383 3605 invenitur
1407 3547 1500 3608 vesti-

320 3642 405 3718 gium
432 3643 504 3719 quin
533 3641 563 3700 in
592 3642 655 3702 solo
683 3644 822 3701 accentus
847 3640 1017 3706 discrimIne
1040 3641 1072 3701 id
1097 3643 1249 3703 consistat.
1296 3643 1374 3703 Nam
1398 3644 1499 3706 αἴσθε-

320 3744 394 3799 σθαι
417 3740 445 3795 V
465 3741 515 3812 26,
536 3741 563 3798 5.
589 3735 634 3797 VI
658 3740 708 3815 58,
736 3744 762 3799 1.
791 3738 851 3797 VII
876 3740 927 3815 75,
952 3741 969 3797 2
995 3739 1112 3816 aliquot
1134 3739 1205 3800 boni
1228 3738 1320 3816 codd,
1342 3742 1500 3817 paucIores

319 3836 540 3913 προαίσθεσθαι
562 3836 592 3895 ΙΙ
617 3838 667 3911 93,
692 3838 720 3895 4.
744 3836 790 3896 ΠΙ
815 3839 866 3910 83,
890 3838 919 3895 4.
966 3835 1042 3896 Oum
1065 3837 1160 3913 igitur
1183 3856 1220 3896 ne
1244 3839 1412 3898 consentiat
1435 3839 1498 3914 qui-

320 3934 388 3993 dem
411 3935 557 3995 librorum
580 3935 735 4011 memoria,
762 3934 867 3995 aoristi
889 3933 1055 3995 infinitivus
1080 3935 1191 4011 ubique
1214 3935 1418 3996 restituendus
1443 3940 1496 3999 est.

319 4031 404 4091 Idem
431 4034 513 4092 valet
540 4033 573 4090 in
600 4024 786 4110 ἀπέχθεσθαι
813 4030 828 4090 Ι
858 4034 932 4106 136,
962 4035 978 4090 1
1012 4031 1143 4090 omnium
1176 4031 1320 4091 librorum
1352 4051 1498 4093 consensu

320 4129 441 4190 tradito.
481 4130 556 4189 Cum
580 4131 659 4190 enim
682 4130 757 4190 alibi
780 4148 922 4206 praesens
946 4129 987 4188 sit
1009 4121 1227 4207 ἀπεχθάνομαι,
1250 4129 1356 4190 soristi
1376 4129 1498 4190 infiniti-

319 4245 376 4286 vus
400 4220 585 4307 ἀπεχθέσθαι
607 4227 816 4287 rescribendus
841 4230 888 4286 est
910 4227 948 4286 ad
973 4227 1154 4286 sententiam
1176 4227 1289 4303 optime
1309 4228 1495 4290 conveniens.

811 4452 1006 4482 -οοο-
