3322 5138
777 401 995 463 „14-

298 566 381 624 cuius
406 565 470 640 ipse
493 566 615 624 effectus
638 566 721 624 nullo
742 565 885 639 temporis
905 568 1043 641 respectu
1063 564 1231 626 declaretur
1250 583 1318 623 eum
1337 562 1369 624 ἐν
1387 585 1477 641 prae-

296 663 445 738 positione
473 663 629 722 enuntiata
656 683 693 721 ne
722 663 788 738 ipsa
816 662 936 736 quidem
965 663 1003 721 ad
1031 665 1145 722 certum
1174 662 1323 739 quoddam
1353 665 1473 739 tempus

297 761 455 820 referatur.
501 761 585 820 Nihil
613 761 691 820 enim
720 758 907 835 significatur
932 760 991 818 nisi
1014 760 1084 836 quid
1109 761 1141 820 in
1164 779 1200 820 ca
1223 781 1255 820 re
1278 763 1411 838 positum
1435 763 1475 822 sit

298 859 359 917 sive
388 860 542 920 consistat.
589 858 634 918 cf.
656 858 702 916 III
728 860 778 933 10,
804 861 820 916 1
852 853 885 915 ἐν
911 850 967 934 γὰρ
990 859 1030 940 τῷ
1054 851 1258 934 διαλλάσσοντι
1280 861 1332 936 τῆς
1355 852 1475 937 χνεόμης

296 953 347 1014 καλ
370 955 404 1014 αι’
424 954 567 1034 διαφοραί
588 960 647 1016 τῶν
670 955 764 1035 λ’ρχων
782 954 985 1014 καθίστανται.
1022 955 1135 1014 sedem
1154 956 1364 1032 interpretatio
1384 958 1423 1016 et'

299 1054 312 1112 Ι
338 1057 409 1129 121,
434 1057 453 1112 4
482 1056 581 1114 locum
604 1056 708 1128 habet,
736 1072 803 1114 curn
829 1052 871 1112 ibi
895 1072 1012 1129 quoque
1036 1070 1144 1112 causae
1167 1073 1220 1129 per
1244 1073 1276 1113 se
1300 1056 1473 1115 enuntiatae

298 1151 379 1210 solus
404 1153 526 1213 effeetus
550 1152 708 1212 indicetur.
749 1152 850 1228 Atque
873 1151 928 1210 hoc
951 1150 1071 1210 nomine
1093 1151 1167 1210 haec
1190 1151 1251 1210 tria
1274 1153 1412 1228 exempla
1434 1153 1471 1211 ab

298 1250 434 1309 omnibus
462 1250 581 1311 diversa
609 1253 681 1311 sunt
707 1248 738 1306 in
766 1249 874 1326 quibus
904 1267 995 1324 supra
1028 1267 1046 1306 c
1075 1248 1207 1308 librariis
1240 1253 1373 1309 erratum
1406 1269 1473 1310 esse

298 1347 537 1422 significavimus.
589 1347 697 1406 Restat
728 1365 820 1404 unum
852 1345 1009 1405 indicativi
1040 1346 1209 1420 praesentis
1242 1349 1411 1423 exemplum
1443 1348 1473 1406 in

297 1463 354 1520 quo
383 1464 488 1505 revera
515 1445 552 1503 ed
582 1443 718 1502 futurum
747 1445 866 1518 tempus
890 1443 996 1518 respici
1020 1443 1052 1501 in
1074 1444 1234 1519 propatulo
1259 1445 1306 1504 sit.
1352 1444 1473 1503 Etenim

297 1542 339 1599 IV
361 1545 411 1616 10,
436 1545 454 1601 3
478 1544 531 1602 τοῦ
556 1589 563 1602 .
588 1587 594 1600 .
618 1588 625 1600 .
649 1539 758 1620 χωρίου
781 1533 813 1600 τὸ
838 1535 1022 1617 δυσέμβατον
1045 1585 1051 1598 .
1075 1587 1082 1600 .
1106 1583 1113 1598 .
1137 1534 1286 1617 μενόντων
1310 1536 1363 1617 μὲν
1385 1533 1472 1618 ἡμῶν

297 1635 449 1718 ξύμμαχον
471 1639 609 1718 γίγνεται,
632 1630 840 1716 ὑποχωρήσασι
861 1632 893 1695 δὲ
912 1636 1016 1714 καίπερ
1035 1632 1162 1715 χαλεπὸν
1181 1629 1217 1698 όν
1236 1633 1366 1714 εὔπορον
1384 1635 1474 1712 ἔσται,

298 1736 443 1813 quidquid
466 1735 618 1812 ceteroqui
641 1735 678 1794 de
701 1735 758 1793 loci
780 1734 956 1810 integritate
983 1734 1145 1812 iudicatur,
1174 1754 1316 1810 praesens
1345 1735 1473 1814 χηνεται

298 1837 329 1892 et
357 1833 492 1891 futurum
520 1831 597 1892 ἔσται
625 1833 669 1890 ita
696 1831 775 1891 inter
804 1851 835 1890 se
864 1833 1036 1892 referrmtur
1064 1837 1098 1891 ut
1126 1834 1164 1890 ad
1192 1833 1271 1891 idem
1296 1835 1415 1909 tempus
1439 1851 1474 1892 ea

299 1929 448 2005 pertinere
477 1931 583 2006 negari
609 1935 746 2005 nequeat.
793 1929 893 2004 Atque
921 1931 997 1988 hanc
1024 1931 1190 2004 praesentis
1218 1929 1346 2008 γίγνεται
1370 1931 1473 1988 futuro

298 2025 376 2088 ἔσται
407 2030 615 2103 respondentis
647 2027 908 2088 inconcinnitatem
945 2020 1012 2106 (τὴν
1043 2022 1124 2104 παρὰ
1156 2021 1225 2099 τοός
1257 2021 1383 2106 χρόνους
1414 2031 1473 2087 τῶν

298 2117 437 2204 ρημότων
465 2123 662 2204 ἐκβεβηκυῖαν
689 2120 721 2186 τὸ
754 2119 935 2202 κατάλληλον
963 2119 1087 2208 φράσιν)
1112 2127 1234 2201 Dionys.
1262 2126 1331 2186 Hal.
1354 2147 1383 2202 p.
1409 2129 1469 2186 801

298 2218 358 2302 (ed.
382 2217 498 2301 Reisk.)
522 2225 697 2299 vituperans
721 2224 768 2282 his
792 2223 893 2282 verbis
916 2223 1099 2298 designavit:
1127 2217 1159 2284 τὸ
1188 2219 1242 2300 μὲν
1266 2215 1323 2300 γὰρ
1345 2223 1473 2302 γίγνεται

296 2323 349 2381 τοῦ
378 2315 526 2399 παρόντος
557 2319 630 2394 ἐστί,
662 2314 694 2381 τὸ
727 2317 759 2380 δὲ
792 2318 871 2379 ἐσται
901 2322 953 2379 τοῦ
984 2317 1136 2397 μέλλοντος
1163 2314 1271 2398 χρόνον
1301 2315 1472 2397 δηλωτικόν.

298 2417 374 2476 Cum
398 2420 453 2476 hoc
476 2422 577 2476 autern
601 2420 667 2478 loco
691 2418 910 2493 componendus
935 2420 982 2476 est
1005 2418 1195 2477 Herodoteus
1214 2418 1273 2475 VII
1295 2420 1357 2477 236
1377 2417 1473 2480 εί...

298 2516 464 2592 τριηκοσίας
492 2508 590 2595 (νίας)
619 2509 806 2592 όποπέμψεις
833 2505 1010 2593 περιπλώειν
1043 2509 1285 2592 Πελοπόννησον,
1321 2508 1475 2593 ἀξιόμαχοί

296 2633 341 2672 τοι
364 2612 496 2690 χίνονται
519 2612 550 2672 οί
570 2606 736 2672 ἀντίπαλοι·
761 2604 834 2689 ἁλὴς
858 2607 890 2670 δὲ
913 2607 970 2672 ἐνόν
994 2605 1010 2672 ὅ
1033 2607 1171 2684 ναυτικὸς
1193 2604 1313 2690 στρατὸς
1332 2611 1470 2690 δυσμετα-

298 2704 438 2789 χείριστός
464 2731 493 2770 τε
521 2704 633 2772 αὐτοῖσι
661 2710 770 2790 γίνεται
797 2707 847 2770 καί
878 2703 972 2788 ἀρχὴν
1004 2701 1059 2770 οὐκ
1091 2704 1247 2789 ἀξιόμαχοί
1273 2731 1317 2769 τοι
1347 2707 1472 2784 ἔσονται,

298 2809 349 2867 ubi
372 2809 503 2888 γίνονται
527 2809 660 2869 eiusdem
684 2809 827 2885 temporis
852 2811 898 2867 est
920 2812 1011 2884 etque
1030 2801 1226 2886 ἀποπέμψεις,
1248 2806 1360 2886 γίνεται
1378 2808 1470 2866 simil-

297 2907 367 2966 lime
385 2910 475 2983 etque
494 2908 522 2966 in
543 2908 608 2968 loco
629 2906 822 2981 Thucydideo
843 2904 975 2964 eiusdem
994 2904 1078 2964 cuius
1098 2903 1222 2967 ἔσονται.
1254 2904 1352 2964 Causa
1370 2909 1471 2965 autem

298 3026 351 3065 cur
374 3006 404 3064 id
427 3007 507 3082 quod
531 3005 565 3064 fit
587 3007 644 3064 hoc
667 3005 754 3063 modo
778 3004 862 3064 iuxta
884 3004 1014 3077 ponatur
1037 3003 1065 3061 ei
1088 3004 1167 3080 quod
1191 3003 1249 3062 erit
1271 3022 1307 3062 ex
1329 3003 1376 3062 his
1398 2991 1473 3077 ipsis

228 3125 231 3132 ·
297 3103 370 3163 locis
400 3107 481 3162 certo
510 3102 706 3178 cognoscitur.
757 3099 841 3170 Quod
869 3100 948 3158 enim
975 3100 1010 3160 fit
1036 3120 1096 3161 non
1123 3105 1182 3178 est,
1214 3103 1266 3160 sed
1296 3102 1360 3160 erit.
1411 3102 1470 3159 Res

297 3201 509 3276 comprobatur
537 3202 632 3259 altero
664 3199 728 3256 loco
757 3197 927 3258 Herodoteo
956 3198 1015 3256 VII
1046 3201 1095 3272 10,
1125 3202 1143 3258 2
1178 3201 1301 3274 scripto:
1331 3191 1372 3276 ἢν
1401 3245 1408 3258 .
1432 3245 1438 3257 .
1464 3245 1470 3258 .

298 3292 469 3374 νικήσαντες
492 3295 640 3377 ναυμαχίῃ
663 3286 783 3354 πλιόωσι
806 3292 836 3366 ἐς
857 3288 910 3355 τὸν
928 3287 1146 3372 Ἑλλήσποντον
1163 3293 1213 3355 καὶ
1232 3293 1342 3355 ἔπειτεν
1361 3286 1473 3355 λύσωσι

297 3388 352 3470 τὴν
369 3389 514 3472 γέφυραν,
536 3397 621 3454 τοῦτο
641 3388 689 3473 δή,
713 3394 842 3472 βασιλεῦ,
865 3392 974 3471 γίνεται
996 3386 1105 3467 δεινόν,
1129 3393 1182 3451 ubi
1200 3411 1254 3468 pro
1272 3392 1382 3471 γίνεται
1400 3393 1472 3452 licet

298 3489 375 3551 ἔσται
413 3493 605 3552 substituere.
659 3494 764 3569 Neque
799 3492 888 3550 aliter
918 3489 1162 3565 interpretandus
1193 3493 1239 3548 est
1270 3490 1393 3564 Antiph.
1425 3491 1471 3550 ΙΙΙ

297 3613 316 3669 χ
341 3594 394 3649 ll:
423 3584 634 3668 καταλαβόντες
661 3586 715 3668 μὲν
742 3583 798 3668 χολρ
826 3581 916 3647 αὐτὸν
943 3634 948 3646 .
974 3634 980 3646 .
1004 3631 1010 3646 .
1040 3584 1170 3664 καθαροὶ
1196 3589 1255 3646 τῶν
1284 3582 1471 3666 ἐγκλημάτων

297 3685 411 3764 ἔσεσθε,
428 3682 628 3760 ἀπολύσαντες
642 3685 675 3748 δὲ
689 3681 819 3747 ὑπαίτιοι
832 3685 1027 3758 καθίστασθε,
1042 3703 1108 3744 oum
1123 3683 1324 3744 καθίστασθαι
1338 3687 1470 3761 proxime

298 3787 335 3844 ad
363 3786 517 3865 χηνεσθαι
544 3787 628 3846 verbi
657 3785 836 3846 sententiam
866 3782 995 3842 accedat.
1047 3781 1136 3841 Patet
1163 3786 1264 3840 autem
1292 3784 1371 3842 hunc
1398 3784 1471 3841 indi-

298 3885 388 3944 cativi
418 3885 586 3960 praesentis
618 3903 706 3943 usum
738 3901 825 3958 posse
858 3880 1003 3958 applicari
1038 3881 1129 3938 etiam
1162 3880 1296 3940 eiusdem
1328 3881 1471 3956 temporis

297 3981 452 4043 infinitivo.
484 3983 584 4058 Atque
604 3983 659 4042 hoo
678 3985 784 4057 quater
803 3981 882 4055 apud
902 3977 1107 4054 Thucydidem
1126 3978 1239 4037 iactum
1259 3981 1318 4037 est:
1338 3978 1368 4036 II
1384 3981 1469 4058 84,2

297 4077 347 4138 καὶ
376 4103 430 4159 την
458 4077 637 4159 ἐπιχείρησιν
664 4072 714 4155 ἐφ’
741 4075 834 4160 ἑαυτῷ
861 4097 890 4136 τε
913 4070 1045 4153 ἐνόμιζεν
1067 4067 1157 4151 εἶναι,
1186 4068 1296 4135 ὁπόταν
1318 4068 1469 4153 βούληται,

299 4175 428 4240 ...καί
451 4171 513 4238 τότε
535 4176 690 4252 καλλίστην
711 4175 879 4255 γίγνεσθαι,
903 4174 949 4233 ΠΙ
969 4176 1020 4248 92,
1044 4176 1063 4231 4
1088 4173 1119 4234 οί
1141 4166 1372 4249 Λακεδαιμόνιοι
1395 4167 1468 4253 μνιό-

299 4298 358 4353 μην
378 4269 457 4354 εἶχον
474 4269 529 4353 τὴν
548 4268 687 4335 ἆποικίαν
706 4270 872 4350 ἐκπέμπειν,
896 4277 957 4344 τοῖς
979 4292 1008 4331 τε
1032 4271 1199 4349 Τραχινίοις
1221 4265 1398 4348 βουλόμενοι
1420 4269 1468 4330 καί

298 4378 358 4445 τοῖς
390 4376 537 4451 Δωριεῦσι
569 4374 713 4450 τιμωρεῖν.
766 4368 816 4429 καί
847 4365 908 4448 ἅμα
939 4371 992 4429 τοῦ
1023 4363 1097 4445 πρὸς
1126 4361 1307 4444 Ἀθηναίους
1337 4365 1470 4446 πολέμου

300 4474 396 4543 καλῶς
419 4466 520 4543 αὐτοῖς
543 4465 638 4532 ἐδόκει
660 4463 679 4547 ἡ
703 4458 787 4540 πόλις
809 4469 1023 4541 καθίστασθαι,
1051 4466 1093 4523 IV
1120 4470 1148 4542 9,
1173 4468 1191 4525 3
1219 4458 1284 4524 οότε
1307 4459 1363 4544 γὰρ
1386 4461 1470 4526 αὐτοὶ
