3310 5140
804 405 1021 468 ..50-

326 570 478 629 Meisterh.
507 567 526 643 §
551 570 603 646 40,
627 563 670 648 5).
717 571 753 628 In
780 569 866 629 libris
895 569 1095 646 Thucydideis
1123 569 1228 629 relicta
1255 572 1327 628 suut
1354 570 1369 628 I
1398 571 1449 644 58,
1485 574 1500 630 1

325 661 451 746 ηάροντο
475 659 558 739 (Vat.
583 669 614 725 et
636 660 716 746 alii),
743 666 775 725 II
800 667 850 742 18,
875 668 893 726 3
921 658 1126 743 ηὐτρεπίζοντο
1154 660 1271 746 (omnes
1298 667 1362 725 fere
1392 661 1504 748 codd),

325 763 368 822 IV
395 767 443 835 79,
468 765 494 823 2’
515 757 634 843 ηὐτύχει
661 757 792 846 (llosqu.
820 768 851 824 et
878 763 936 824 duo
964 755 1087 845 Paria),
1116 764 1143 821 V
1166 767 1218 839 42,
1245 768 1262 823 1
1291 751 1387 842 ηὗρον
1416 760 1502 846 (Vnt.

325 862 402 938 Aug.
431 862 493 923 Pal.
522 862 561 921 M.
593 854 698 942 Caes),
730 861 804 920 VIII
837 863 888 934 24,
921 864 940 921 4
972 855 1199 940 ηὖδαιμόνησαν
1230 855 1273 944 (V
1292 855 1329 943 t).
1380 863 1503 940 Ubique

326 960 545 1020 restituendum
568 962 623 1020 est.
669 959 772 1020 Simile
796 963 842 1019 est
865 953 989 1040 ήκαζον,
1018 961 1097 1036 quod
1120 961 1151 1019 ΙΙ
1175 961 1225 1032 54,
1250 962 1268 1020 5
1294 962 1376 1021 solus
1400 962 1503 1038 Laur,

192 1107 195 1114 .
326 1057 368 1116 VI
392 1061 484 1133 92,5
515 1058 583 1118 Vat
607 1058 684 1135 Aug.
708 1057 772 1118 Pal.
800 1077 867 1118 oum
895 1057 992 1118 tribus
1021 1058 1219 1119 deterioribus
1242 1060 1354 1120 habent
1377 1055 1503 1140 (reliqui

324 1149 467 1237 εἴκαζον),
500 1157 537 1216 de
569 1175 627 1233 quo
660 1155 697 1217 of.
728 1155 837 1216 Herod.
870 1155 901 1214 II
931 1157 1004 1233 326,
1028 1157 1057 1216 5.
1090 1157 1164 1234 486,
1194 1158 1242 1217 12.
1277 1157 1369 1219 Μοοτ.
1401 1151 1503 1242 ήκασα

321 1248 456 1329 Ἀττικοί,
484 1254 586 1315 εἴκασα
607 1247 759 1332 Ἕλληνες.
805 1253 911 1330 Neque
939 1255 1037 1316 minus
1064 1255 1095 1314 in
1118 1254 1215 1314 tltulis
1239 1255 1349 1316 Atticis
1373 1257 1502 1315 verbum

324 1345 491 1414 ἀναλίσκειν
514 1353 625 1430 ubique
649 1354 843 1431 augmentum
862 1351 955 1412 habet
973 1345 1025 1434 (of.
1045 1352 1196 1412 Meleterh.
1217 1351 1236 1428 ξ
1257 1355 1308 1427 40,
1328 1344 1373 1434 6).
1409 1353 1502 1430 Apud

325 1453 379 1512 Th.
403 1471 492 1513 verae
515 1452 629 1512 formae
653 1453 790 1512 servatae
813 1453 884 1510 suut
906 1451 976 1510 hae:
1000 1449 1031 1508 ΙΙ
1055 1451 1105 1525 13,
1125 1452 1143 1510 3
1168 1442 1354 1528 ἀπανηλιάθη
1379 1443 1501 1531 (omnes

324 1543 435 1630 codd),
461 1549 512 1624 ¹III
541 1552 593 1623 81,
622 1551 641 1609 3
674 1541 820 1628 ἀνηλοῦτο
852 1543 968 1630 (omnes
1001 1548 1084 1608 codd.
1117 1551 1237 1626 praeter
1269 1541 1439 1632 ἀνῃροῦντο
1468 1551 1501 1610 in

326 1640 464 1729 Mosqu.),
488 1647 547 1706 VII
567 1649 618 1722 48,
638 1650 656 1707 5
676 1640 860 1725 ἀνηλωκέναι
879 1639 930 1730 (ex
949 1647 1146 1708 deterioribus
1166 1646 1290 1723 aliquot,
1312 1651 1348 1706 ut
1370 1648 1501 1726 videtur,

326 1740 429 1826 vulp).
463 1745 616 1820 Insignem
630 1745 829 1807 constentiam
843 1746 926 1808 codd.
941 1745 971 1805 in
986 1747 1147 1821 augmento
1161 1745 1321 1805 verborum
1336 1738 1502 1822 δύνασθαι,

324 1836 494 1921 βούλεσθαι,
512 1837 625 1920 μέλλειν
635 1844 804 1906 ostendunt.
823 1838 930 1923 Namr}
941 1843 1239 1920 angmentiinvcrbo
1250 1839 1362 1921 μέλλειν
1371 1844 1501 1918 nullum,

325 1943 469 2018 quantum
493 1941 562 2018 scio,
586 1943 754 2018 exemplum
777 1961 795 2002 a
818 1937 958 2002 Bekkero
982 1961 1018 2001 ex
1041 1941 1186 2001 librorum
1209 1941 1390 2001 auctoritate
1413 1943 1500 2003 relic-

325 2044 389 2100 tum
408 2041 464 2116 eat,
482 2039 567 2100 verbi
585 2033 730 2119 βούλομαι
749 2026 842 2100 unum
860 2033 1024 2119 ἠβούλοντο
1043 2037 1087 2098 VI
1109 2041 1158 2112 79,
1179 2042 1208 2113 3,
1230 2039 1282 2098 ubi
1301 2040 1403 2099 tamen
1422 2040 1500 2102 Ven.

293 2189 295 2196 .
324 2131 482 2216 ἕβοάλονιο
507 2138 648 2219 servavit,
671 2140 702 2197 in
721 2131 872 2199 δύνασθαι
889 2137 1079 2214 paucissimis
1097 2157 1150 2212 pro
1170 2137 1355 2214 reliquorum
1373 2158 1501 2199 numero

325 2236 397 2297 locis
420 2236 458 2295 ab
484 2256 518 2296 eo
541 2240 693 2298 retentum
717 2241 771 2298 est.
809 2236 869 2297 Sed
886 2237 902 2295 I
921 2239 950 2314 3,
971 2238 989 2295 2
1009 2235 1082 2295 Ven.
1102 2228 1226 2296 ἐδύνατο
1245 2235 1337 2295 habet
1360 2236 1500 2296 eandem-

324 2353 381 2409 que
408 2334 536 2393 formam
560 2334 575 2393 Ι
598 2337 618 2394 4
646 2334 725 2394 idem
756 2337 787 2394 et
810 2333 903 2408 Olor„
930 2332 974 2391 IV
1000 2335 1072 2408 129,
1096 2335 1116 2394 4
1143 2332 1223 2393 idem
1246 2332 1321 2393 Ven.
1339 2328 1499 2413 Ιἐδυνήθης

325 2450 382 2491 uno
411 2432 490 2507 quo'd
519 2432 609 2492 sciam
637 2433 701 2494 loco
728 2432 772 2491 IV
801 2434 852 2507 33,
881 2435 899 2491 2
932 2431 1002 2490 libri
1029 2431 1062 2490 in
1088 2423 1289 2508 ἠδυνήθησαν
1316 2432 1499 2508 conspirent.

325 2529 361 2587 In
379 2529 476 2589 titulis
496 2529 605 2588 Atticis
624 2530 834 2606 antiquissima
852 2530 942 2590 huius
961 2529 1115 2606 augmenti
1137 2529 1272 2604 exempla
1295 2528 1379 2589 tertii
1397 2549 1423 2588 a.
1445 2529 1497 2590 Oh.

325 2627 438 2686 saeculi
461 2629 543 2687 sunt:
572 2619 736 2705 ἠβούλοντο
760 2628 827 2687 ΟΙΑ
850 2629 882 2686 lI
907 2630 980 2702 314,
1005 2628 1056 2704 25,
1082 2619 1213 2704 ἠδύνατο
1241 2626 1312 2686 ibid.
1341 2629 1416 2702 329,
1443 2633 1498 2707 12;

324 2721 436 2801 persea
463 2725 549 2785 veru
574 2726 692 2785 nuum
723 2726 879 2786 inventum
911 2729 958 2786 est
990 2711 1123 2806 (ἔμελλον
1151 2711 1230 2784 om'
1246 2725 1278 2783 11
1306 2726 1401 2786 8340
1422 2717 1497 2806 ἐκ),

325 2823 402 2882 [λειτο
429 2823 461 2881 in
493 2823 540 2882 his
568 2825 674 2900 poetae
703 2824 828 2884 scaenici
855 2823 990 2900 neglecto
1018 2822 1167 2882 communi
1194 2823 1364 2882 Atticorum
1391 2843 1449 2883 usu
1477 2819 1497 2904 ή

324 2923 520 2996 augmentum
543 2921 714 2984 admittunt.
761 2921 906 2999 Exempla
928 2922 1021 2982 habes
1045 2920 1150 2981 Aesch.
1175 2921 1273 2980 Prom.
1298 2923 1371 2980 206.
1402 2921 1495 2984 Arist.

324 3018 397 3078 Rau.
424 3020 518 3078 1038.
544 3019 621 3079 ΕοοΙ.
643 3021 715 3080 597.
753 3018 908 3094 Sophoclis
932 3023 962 3080 et
985 3019 1137 3095 Euripidis
1160 3018 1240 3097 quod
1262 3020 1383 3095 quidem
1406 3019 1498 3080 metri

323 3116 485 3182 necessitas
517 3119 638 3177 tueatur
669 3117 787 3177 nullum
820 3118 900 3177 novi.
955 3116 1082 3193 Propter
1117 3119 1304 3177 constantem
1341 3119 1497 3193 augmenti

324 3232 412 3273 usum
439 3233 528 3290 quem
554 3214 587 3273 in
613 3215 720 3274 ceteris
749 3215 896 3275 cemimus
924 3215 1034 3291 ubique
1062 3214 1152 3275 etiam
1175 3207 1259 3293 ἠφίει
1282 3214 1400 3276 videtur
1424 3218 1495 3275 scri·

325 3311 454 3370 bendum
481 3329 554 3372 esse.
600 3313 678 3372 Nam
705 3312 737 3372 II
761 3314 812 3388 49,
837 3315 855 3370 2
884 3311 914 3370 id
942 3331 1044 3373 omnes
1072 3313 1217 3388 praebent
1242 3313 1324 3387 libri,
1353 3312 1397 3370 IV
1422 3317 1495 3388 122,

326 3408 403 3482 su,
431 3407 505 3468 VIII
529 3412 581 3488 41,
606 3413 624 3470 2
649 3411 869 3480 restituendum
897 3413 951 3470 est.
995 3409 1108 3471 Contra
1135 3403 1262 3486 ἀφίεσαν
1287 3411 1398 3486 ubique
1423 3431 1495 3487 aug-

324 3510 423 3567 mento
452 3511 542 3568 caret.
588 3508 636 3568 Of.
657 3510 729 3571 Eur.
752 3507 869 3568 Heraol.
894 3510 968 3568 821.
999 3508 1105 3580 1162,
1131 3511 1149 3567 3
1177 3505 1397 3586 προκεκτημένα
1426 3511 1495 3570 scri·

323 3606 454 3666 bendum
482 3607 529 3666 est
555 3597 788 3686 (προσεκτημένα
816 3605 899 3666 codd.
927 3599 1091 3686 plerique),
1122 3625 1182 3665 non
1208 3603 1409 3684 προεκτημένα
1439 3602 1495 3688 (sio

324 3703 374 3764 Gr.
398 3708 430 3764 et
453 3696 586 3781 Zenon),
609 3722 677 3763 oum
700 3704 772 3763 alibi
795 3704 849 3763 Th.
874 3703 1047 3780 saepissime
1070 3699 1217 3782 κέκτημαι,
1238 3721 1391 3781 nunquam
1415 3702 1494 3783 ἔκτη-

324 3825 375 3879 μαι
399 3803 514 3863 dixerIt.
553 3801 597 3862 Cf.
621 3801 755 3862 Schamii
777 3803 868 3862 Proll.
893 3803 930 3862 ad
954 3801 1032 3860 Plat.
1054 3799 1113 3858 XII
1136 3820 1164 3876 p.
1185 3800 1297 3859 XVIII.
1334 3802 1494 3862 Manifesto

324 3901 398 3961 vitio
422 3901 565 3962 omissum
588 3904 636 3960 est
657 3903 852 3977 augmentum
874 3901 906 3961 in
925 3896 1140 3977 ἓλληνίσθησαν
1162 3899 1193 3958 ΙΙ
1218 3901 1268 3977 68,
1291 3900 1319 3960 5.
1357 3889 1494 3962 Cf.'Lob.

324 3999 362 4058 ad
389 4000 501 4077 Phryn.
529 4021 558 4076 p.
587 4001 659 4060 380.
689 3998 736 4057 ΠΙ
765 3999 816 4076 67,
844 4001 862 4060 5
892 3999 974 4059 solus
1002 4016 1104 4058 veram
1130 3997 1258 4056 formam
1285 3991 1495 4077 παρενόμησαν

323 4097 455 4158 servavit
478 4097 537 4173 Gr,
559 4097 668 4175 reliqui
690 4089 912 4176 παρηνόμησαν.
950 4097 1027 4155 Nem
1051 4097 1186 4171 exempla
1208 4095 1333 4172 perfecti
1357 4099 1388 4156 et
1410 4097 1494 4172 plus-

323 4196 540 4273 quamperfeoti
568 4196 648 4273 apud
679 4195 796 4256 Atticos
826 4196 946 4272 quidem
974 4193 1135 4269 scriptores
1168 4210 1285 4268 semper
1316 4194 1494 4270 reduplicati

325 4287 413 4373 (Xen.
436 4294 516 4354 Hist.
540 4293 589 4356 Gr.
612 4294 644 4353 ΙΙ
669 4297 696 4371 1,
715 4296 756 4353 31
782 4283 1067 4373 παρενενομήκεσαν,
1092 4294 1119 4366 3,
1145 4294 1185 4351 36
1210 4278 1494 4370 παρανενομηκέναι,

324 4391 408 4452 Dem.
432 4393 502 4452 XXI
526 4396 544 4453 9
569 4384 858 4472 παρενενομήκεσαν,
886 4391 987 4452 XLIII
1012 4393 1050 4450 71
1076 4382 1367 4468 παρανενομήκασιν,
1396 4389 1493 4448 XLIV

325 4490 376 4549 31.
408 4490 478 4548 LIV
507 4494 525 4549 2
554 4483 834 4574 παρανενομῆσθαι)
864 4491 1040 4552 documento
1069 4489 1139 4548 sunt
1166 4487 1220 4546 hos
1248 4487 1345 4562 ipsun
1372 4486 1493 4564 linguae
