3322 5138
660 415 879 480 „25-

183 593 330 656 nusquam
360 581 581 641 coniunctivum
608 581 713 654 hahet,
741 583 884 643 restituit.
930 583 1014 653 Quod
1043 585 1169 662 denique
1197 586 1228 643 in
1250 586 1358 646 Phere-

183 679 274 738 cratis
297 680 405 754 fragm.
431 680 503 754 143,
529 683 546 738 7
572 672 630 759 (ed.
655 672 762 759 Koch.)
787 673 868 752 ὅπως
891 673 1101 762 ἀνεκλογίστως
1123 687 1255 755 πλεῖστος
1278 676 1359 756 οἶνος

183 774 300 860 ἐκποθῇ
325 779 441 850 exstat,¹
461 776 604 836 trochaici
627 777 797 836 tetrametri
819 778 850 836 in
874 780 980 854 quibus
1005 781 1077 840 haeo
1100 783 1193 842 verba
1216 785 1360 858 leguntur

183 894 243 934 non
266 874 406 952 diverbii,
435 875 487 934 sed
515 864 711 954 ἐπιρρήματος
733 875 875 934 videntur
897 878 1046 952 particula
1070 898 1143 939 esse.
1189 879 1217 937 A
1240 881 1359 940 comicis

185 974 368 1049 tragicorum
397 993 494 1032 sermo
523 973 566 1032 ita
594 973 744 1049 discrepat
772 976 808 1032 ut
832 975 928 1034 multo
951 976 1138 1055 frequentius
1163 971 1243 1050 ὅπως
1266 981 1297 1038 et
1321 971 1360 1050 ὡς

185 1091 253 1130 cum
275 1071 355 1130 nudo
379 1070 565 1130 coniunctivo
589 1071 717 1146 iungant
740 1091 830 1146 quam
853 1066 892 1130 ἀν
915 1073 1027 1133 addant
1051 1077 1081 1134 et
1104 1076 1156 1135 ubi
1175 1069 1213 1134 ἀν
1232 1077 1360 1136 addatur

186 1169 280 1228 multo
306 1169 423 1244 saepius
448 1160 488 1240 ὦς
511 1162 551 1226 ἀν
573 1187 662 1244 quam
686 1162 767 1241 ὅπως
790 1163 828 1228 ἀν
851 1165 1023 1251 habeann1)
1069 1172 1146 1232 Hinc
1170 1174 1359 1250 cognoscitur

184 1266 367 1326 sublimioris
400 1267 517 1326 dicendi
549 1267 669 1342 generis
702 1267 795 1327 fuisse
828 1263 909 1341 ὅπως
941 1273 971 1330 et
1006 1263 1046 1343 ἀς
1078 1291 1144 1331 cum
1181 1274 1261 1333 nudo
1293 1293 1360 1331 con-

184 1364 325 1440 iunctivo,
348 1363 379 1422 in
402 1383 538 1424 sermone
562 1366 711 1423 communi
734 1359 772 1424 ἀν
794 1367 930 1426 additum
954 1388 1034 1446 esse,
1057 1370 1115 1429 nisi
1138 1371 1217 1446 quod
1240 1371 1278 1437 ab
1303 1392 1359 1430 usu

186 1463 376 1539 epigraphico
396 1455 435 1535 ὡς
454 1463 543 1522 finale
562 1463 681 1522 omnino
700 1465 830 1523 alienum
852 1466 919 1526 fuit.
956 1466 1005 1525 Ad
1023 1467 1234 1544 Thucydideae
1258 1470 1359 1529 autem

184 1559 328 1620 historiae
356 1561 567 1620 austeritatem
596 1561 722 1620 maxime
752 1563 948 1622 conveniebat
975 1565 1145 1624 sublimitas
1174 1565 1358 1644 elocutionis,

186 1661 216 1717 et
244 1679 334 1735 quam
362 1661 497 1719 consulto
526 1678 593 1718 eam
620 1663 740 1719 secutus
769 1661 808 1720 sit
835 1663 956 1737 praeter
984 1662 1056 1738 alia,
1085 1665 1169 1722 velut
1196 1679 1236 1722 σσ
1261 1668 1292 1724 et
1320 1682 1360 1742 oo

185 1758 352 1833 antiquiore
371 1777 453 1817 more
472 1779 525 1834 pro
545 1779 579 1816 ττ
598 1760 629 1815 et
648 1780 686 1836 ρρ
705 1759 812 1834 posita,
835 1760 962 1818 maxime
983 1761 1206 1821 enuntiatorum
1225 1763 1360 1822 finalium

185 1857 222 1914 ab
255 1850 335 1926 ὅπως
368 1859 399 1915 et
432 1849 471 1928 ὦς
504 1856 686 1916 ordientium
718 1859 870 1917 structura
900 1859 1039 1919 ostendit.
1090 1861 1169 1918 Nam
1198 1857 1292 1920 additi
1322 1861 1360 1920 ad

186 1953 408 2013 coniunctivum
440 1947 479 2012 ἀν
512 1974 603 2012 unum
636 1953 715 2029 apud
748 1975 816 2014 eum
847 1959 1016 2033 exemplum
1044 1960 1196 2018 invenitur
1223 1959 1360 2034 idemque

185 2072 278 2110 unum
297 2045 336 2123 ὦς
359 2052 472 2112 finalis:
500 2053 544 2110 VI
569 2056 620 2127 91,
645 2056 665 2112 4
693 2053 720 2114 εἰ
742 2043 781 2132 μὴ
805 2100 812 2112 .
838 2102 844 2115 .
868 2099 874 2113 .
898 2050 1025 2132 πέμψετε
1054 2048 1148 2131 ἀνδρα
1172 2051 1361 2136 Σπαρτιάτην
1448 2044 1450 2048 ’

184 2144 320 2228 ἀρχοντα,
346 2141 385 2221 ὡς
404 2143 443 2209 ἀν
461 2144 529 2223 τούς
548 2172 577 2210 τε
596 2145 744 2230 παρόντας
764 2145 889 2232 ξοντάξῃ
909 2149 959 2210 παὶ
978 2145 1046 2223 τοὺς
1060 2145 1099 2230 μὴ
1113 2149 1256 2225 θέλοντας
1270 2171 1358 2231 προσ-

185 2241 338 2328 αναγκάσῃ
362 2266 420 2307 non
444 2250 540 2325 magis
563 2249 594 2308 in
618 2250 817 2325 suspicionem
840 2251 1005 2309 vocandum
1029 2269 1118 2326 quam
1148 2253 1240 2310 semel
1270 2253 1361 2327 scrip-

185 2349 250 2432 turn
275 2345 335 2402 VII
360 2347 411 2422 65,
436 2349 453 2404 2
483 2340 564 2418 ὅπως
591 2340 631 2406 ἀν
658 2347 745 2406 finale
773 2367 840 2406 cum
869 2349 1002 2422 optativo
1032 2352 1085 2407 aut
1111 2349 1189 2425 quod
1213 2370 1272 2410 uno
1295 2352 1359 2409 loco

185 2447 222 2503 ad
246 2446 383 2504 timidam
407 2447 659 2520 exspectationem
683 2445 909 2523 significandam
936 2446 1049 2522 legitur
1072 2440 1113 2524 μή
1136 2467 1203 2506 cum
1226 2449 1359 2524 optativo

186 2544 217 2602 et
241 2536 279 2602 ἀν
297 2543 328 2600 ΙΙ
349 2545 398 2616 93,
420 2546 448 2602 3.
487 2541 560 2602 Cum
583 2544 678 2620 igitur
698 2545 887 2621 Thucydides
910 2537 997 2616 ὅπως·
1013 2538 1052 2604 ἀν
1074 2564 1142 2604 cum
1165 2546 1360 2622 coniunctivo,

187 2641 266 2718 quod
288 2641 386 2700 rarius
410 2641 519 2720 tragici
540 2642 662 2720 habent,
686 2644 804 2703 omnino
828 2648 886 2701 non
910 2642 1074 2718 admiserit,
1098 2633 1191 2701 seinel
1214 2645 1272 2702 sibi
1295 2664 1360 2704 oon-

186 2741 311 2800 cesserit
330 2732 370 2811 ὧς
389 2733 437 2815 ἀν,
461 2759 519 2816 qno
539 2741 658 2815 saepius
677 2742 722 2800 illi
745 2744 880 2816 utuntur,
903 2740 935 2796 in
958 2758 992 2798 eo
1016 2759 1126 2814 genere
1150 2741 1241 2800 etiam
1264 2743 1360 2818 magis

185 2839 341 2913 vulgarem
365 2837 481 2896 dicendi
505 2839 748 2897 consuetudinem
772 2839 948 2914 aspernatus
972 2841 1018 2896 est
1047 2857 1135 2914 quam
1162 2839 1220 2913 ipsi
1243 2839 1358 2915 tragici,

185 2937 217 2995 in
240 2956 274 2996 eo
298 2939 399 2995 aritem
423 2937 503 3011 quod
527 2928 566 3008 ὡς
588 2937 677 2996 finale
699 2956 848 3012 nusquam
871 2936 1030 3012 usurpavit
1052 2937 1110 2994 nisi
1129 2956 1188 2995 nno
1207 2937 1272 2996 loco
1293 2956 1360 2996 oum

185 3028 225 3094 ἀν
252 3035 442 3094 coniunctum
469 3035 602 3108 proxime
630 3034 744 3095 accedit
771 3035 808 3094 ad
838 3035 884 3094 sui
910 3038 940 3094 et
963 3035 1058 3094 omnis
1083 3034 1261 3110 antiquioris
1285 3038 1359 3095 tem·

186 3132 266 3208 poris
297 3151 383 3192 usum
410 3133 648 3208 epigraphicum,
677 3153 695 3192 a
722 3152 780 3210 quo
808 3132 883 3190 illud
911 3132 1029 3192 omnino
1061 3133 1192 3190 alienum
1220 3133 1274 3190 est.
1320 3132 1362 3191 Ut

185 3230 295 3306 tragici
318 3230 360 3288 sic
384 3231 573 3307 Thucydides
597 3251 713 3308 quoque
737 3250 796 3290 non
820 3231 915 3288 solum
940 3249 1006 3288 cum
1025 3230 1193 3305 praesentis
1212 3221 1241 3310 (Ι
1261 3232 1312 3305 37,
1332 3233 1361 3290 4.

188 3331 238 3406 6‘2,
259 3330 288 3386 4.
317 3330 368 3403 87,
388 3330 417 3386 4.
445 3328 491 3386 III
514 3330 566 3403 46,
587 3331 615 3388 6.
644 3330 696 3405 51,
721 3333 749 3390 2.
780 3330 831 3404 74,
856 3331 884 3388 2.
916 3329 988 3401 105,
1013 3331 1041 3388 3.
1071 3330 1143 3402 107,
1168 3330 1186 3386 3
1208 3322 1286 3410 eta),
1310 3330 1362 3389 sed

187 3426 278 3484 etiam
301 3445 369 3484 eum
392 3426 497 3486 aoristi
520 3427 707 3486 coniunctivo
731 3421 812 3498 ὅπως
835 3427 939 3485 iunxit.
976 3425 1055 3484 Nam
1074 3429 1155 3486 certa
1177 3426 1267 3488 huius
1290 3448 1362 3488 usus

187 3524 322 3599 exempla
340 3525 533 3584 inveniuntur
553 3525 605 3584 ubi
624 3526 753 3585 aoristus
773 3544 808 3582 ex
827 3525 930 3583 futuro
948 3523 1128 3599 depravatus
1144 3544 1209 3584 esse
1224 3529 1362 3603 nequeat,

186 3620 340 3681 velutIII
364 3624 415 3698 49,
440 3625 457 3679 2
488 3615 569 3694 ὅπως
597 3616 636 3701 μὴ
666 3669 673 3682 .
697 3668 704 3682 .
728 3670 734 3684 .
763 3615 883 3700 εὕρωσι,
911 3621 958 3680 ΙΙΙ
987 3623 1037 3696 81,
1069 3626 1084 3681 1
1115 3616 1196 3694 ὅπως
1224 3617 1263 3701 μὴ
1293 3668 1330 3682 ..
1355 3669 1360 3681 .

187 3711 321 3792 ὀφθῶσι,
354 3718 381 3773 V
411 3720 451 3778 85
484 3711 565 3790 ὅπως
597 3713 634 3798 δὴ
668 3713 707 3797 μὴ
737 3769 743 3780 .
769 3768 774 3779 .
799 3765 807 3781 .
835 3713 1017 3797 ἀπατηθῶσι.
1070 3720 1202 3790 Quorum
1231 3719 1361 3780 Cebetas

187 3815 302 3874 nullam
325 3817 472 3876 rationem
495 3817 614 3892 habuit,
642 3838 709 3878 cum
732 3818 808 3876 VIII
833 3821 904 3891 109,
931 3821 947 3876 1
974 3811 1055 3889 ὅπως
1078 3814 1230 3895 μέμψηταί
1248 3838 1277 3876 τε
1302 3862 1362 3876 ...

189 3910 238 3971 καὶ
253 3957 261 3972 .
277 3959 305 3972 ,.
325 3905 544 3994 ἀπολογήσονται
563 3917 594 3974 et
612 3916 684 3974 alibi
702 3916 754 3976 ubi
774 3916 856 3976 facili
878 3916 999 3992 negotio
1023 3915 1088 3976 fieri
1110 3920 1213 3992 posset
1235 3918 1362 3977 aoristos

190 4011 222 4070 in
252 4012 354 4070 lutura
382 4013 540 4073 mutandos
574 4033 638 4074 esse
672 4017 815 4075 censeret.
861 4015 1022 4074 Praeterea
1052 4015 1143 4073 etiam
1167 4015 1271 4076 coristi
1295 4035 1361 4076 oon-

188 4110 336 4170 iunctivos
359 4111 391 4168 in
415 4127 456 4169 σω
480 4115 511 4171 et
535 4129 629 4190 σαμαι
654 4114 765 4172 futuris
790 4114 956 4174 simillimos
981 4113 1137 4172 sententiis
1160 4113 1300 4174 finalibus
1325 4116 1363 4174 ab

189 4197 273 4279 ὅπως
305 4207 492 4270 ordientibus
525 4212 675 4272 adhibitos
709 4231 774 4272 esse
808 4212 983 4272 documento
1018 4213 1064 4270 est
1096 4211 1264 4286 exemplum
1304 4213 1362 4288 epi-

263 4435 288 4502 1)
313 4431 353 4486 De
374 4432 451 4486 omni
470 4435 679 4490 enuntiatorum
701 4433 827 4488 finalium
847 4434 922 4503 apud
940 4433 1063 4503 tragicos
1082 4451 1133 4487 usu
1153 4435 1187 4489 cf.
1207 4435 1310 4491 Weber
1328 4467 1363 4475 -

191 4511 584 4582 Entwiclxelungsgeschiehte
604 4514 653 4570 der
672 4514 881 4569 Absichtsstttze
900 4513 912 4565 Ι
930 4533 957 4583 p.
978 4520 1010 4567 79
1021 4531 1080 4581 sqq.

588 4611 604 4638 Ο
