3310 5140
623 389 842 453 ..53-

145 578 193 626 αις
216 555 353 629 exempla
376 554 581 628 inveniuntur,
610 554 688 628 apud
711 553 842 628 tragicos
867 552 925 613 dno
948 554 1111 629 Euripides
1136 549 1220 635 (nam
1244 555 1319 615 Med.

149 655 233 712 1109
254 671 351 728 neque
368 653 400 711 in
419 652 553 712 direrbio
573 654 619 710 est
638 653 669 709 et
687 651 730 708 ibi
749 650 883 711 Prinzius
902 654 984 710 recte
1002 653 1182 728 scripturam
1200 645 1322 730 κυρήσει

146 742 320 828 praetulit),
353 769 430 826 quae
463 748 605 809 facillimo
638 749 759 826 negotio
790 749 901 824 corrigi
933 751 1044 826 queant
1076 743 1212 832 (legatur
1243 750 1322 809 enim

147 849 225 908 Med.
250 849 313 906 325
340 840 509 919 ἀναπείσεις
536 842 604 906 ποτέ
632 865 686 921 pro
715 838 753 904 dv
779 845 893 918 πείσαις
920 843 989 907 ποτέ
1021 852 1052 906 et
1078 847 1144 923 Iph.
1174 848 1207 906 Τ.
1238 850 1318 906 1184

148 941 246 1026 σοι’σμς
278 925 333 1022 pro
366 939 503 1026 σοι’σαις),
540 945 620 1022 apud
653 943 885 1019 Aristophanem
919 948 1063 1020 quattuor
1095 964 1171 1021 quae
1204 945 1323 1021 quidem

147 1045 295 1104 removeri
323 1047 484 1119 nequeant,
514 1063 639 1118 quorum
664 1044 726 1112 duo
755 1038 858 1119 (Vesp.
883 1044 956 1103 572.
986 1039 1064 1121 726)
1092 1043 1125 1103 in
1152 1047 1324 1119 anapaestis

149 1145 221 1200 sunt
243 1160 338 1217 eaque
361 1159 393 1200 re
417 1141 637 1200 excusationem
658 1140 771 1200 habent
794 1133 844 1219 (cf.
865 1140 1002 1200 liutheri.
1021 1142 1058 1199 ad
1078 1139 1189 1216 Phryn.
1208 1160 1237 1215 p.
1257 1133 1324 1218 51),

149 1241 208 1298 duo
231 1239 263 1298 ἰιι
285 1238 374 1298 Pluto
398 1239 502 1297 fabula
526 1232 636 1316 (1036,
663 1229 771 1318 1134).
819 1235 862 1296 Of.
887 1237 1024 1297 liutheri.
1047 1238 1065 1296 l.
1090 1239 1110 1296 l.
1133 1257 1160 1312 p.
1186 1239 1323 1312 423sqq.

148 1338 256 1412 Itaque
282 1355 339 1396 non
363 1338 460 1395 solum
483 1335 530 1394 III
553 1337 605 1411 49,
630 1337 648 1394 3
674 1323 826 1410 φθάσειαν
848 1354 902 1412 pro
931 1329 1083 1412 φθάσαιεν
1106 1341 1137 1394 et
1159 1334 1187 1391 V
1212 1338 1321 1407 111,1

149 1434 302 1512 νομίσειαν
325 1453 378 1510 pro
402 1433 563 1512 νομίσατε-ν,
587 1433 639 1492 sed
663 1434 752 1492 etiam
773 1433 875 1507 1149,
895 1435 914 1492 3
939 1433 1095 1510 στηρίξειεν
1118 1452 1173 1509 pro
1196 1432 1327 1509 στηρίξαι

150 1537 182 1590 et
204 1531 235 1590 Π
259 1533 310 1609 84,
335 1535 353 1590 2
383 1526 570 1592 ἐκπνεύσειεν
591 1549 645 1607 pro
669 1524 825 1592 ἐκπνεύσω
853 1532 1024 1606 reponenda
1052 1535 1134 1607 sunt,
1162 1531 1205 1589 IV
1230 1533 1280 1605 62,
1305 1533 1323 1588 2

151 1632 267 1702 autem,
300 1630 351 1704 qui
382 1630 464 1690 locas
498 1630 589 1689 etiam
621 1629 679 1687 alio
712 1628 786 1688 vitio
819 1631 977 1704 corruptus
1010 1633 1069 1704 est,
1108 1631 1327 1690 Herwerdenus

152 1726 320 1788 certissima
347 1729 554 1788 emendatione
581 1725 745 1786 infinitivos
774 1729 885 1786 παῦσαι
909 1731 940 1786 et
963 1727 1161 1799 ξονδιασιῖισαι
1184 1729 1327 1788 restituit.

154 1825 362 1884 Macedonicae
394 1826 502 1885 aetatis
533 1844 599 1885 esse
628 1824 874 1899 imperativorum
902 1826 1013 1886 formas
1041 1827 1073 1883 in
1089 1808 1182 1885 ωσαν
1209 1829 1328 1886 veteres

154 1921 274 1982 Atticae
301 1920 510 1998 inscriptiones
540 1915 589 2002 (cf.
615 1921 768 1982 Meisterh.
792 1921 812 1998 ξ
836 1925 888 2001 39,
913 1916 947 2004 7)
975 1928 1007 1983 ot
1033 1927 1190 1999 poetarum
1219 1925 1329 1984 scaeni-

155 2039 257 2079 corum
281 2039 378 2078 sermo
397 2040 456 2080 uno
476 2039 621 2080 consensu
641 2019 794 2078 affirmant
813 2014 898 2098 (Eur.
917 2021 983 2097 Iph.
1003 2021 1035 2081 T.
1058 2024 1144 2081 1480
1163 2022 1260 2082 facilis
1283 2027 1330 2080 cst

157 2117 324 2176 emendatio
352 2117 392 2190 εἰς
421 2111 477 2194 σὴν
505 2111 611 2177 ἰόντων
640 2136 694 2192 pro
723 2115 831 2176 ἴτωσαν
858 2117 900 2189 εἰς
928 2110 1008 2198 σὴν).
1060 2118 1157 2188 Quare
1185 2119 1200 2177 I
1229 2122 1280 2195 34,
1312 2123 1326 2176 1

157 2205 327 2293 μαθόντων,
350 2215 468 2291 11139,
488 2218 506 2276 ,6
527 2211 743 2289 κολασθέντων,
766 2214 813 2273 ΙΙΙ
833 2217 884 2292 67,
904 2219 922 2274 2
948 2209 1150 2292 ὥφελείσθων,
1174 2216 1218 2274 IV
1239 2219 1289 2292 92,
1311 2220 1327 2275 7

156 2306 295 2372 casiodoro
329 2313 447 2372 restitui
475 2313 577 2390 deboc,
610 2331 664 2388 pro
688 2309 830 2387 ἔστωσαν,
859 2312 938 2388 quod
962 2312 1035 2370 VIII
1061 2315 1110 2386 18,
1137 2314 1155 2372 3
1184 2313 1329 2372 traditum

127 2487 128 2490 Ἴ
157 2413 216 2484 est,
244 2411 274 2469 in
302 2411 410 2471 Atticis
441 2410 562 2486 quidem
588 2411 686 2470 titulis
715 2415 763 2470 est
789 2405 886 2471 ὅντων
913 2405 1079 2490 (Meisterh.
1108 2409 1128 2487 ξ
1151 2413 1204 2484 42,
1233 2413 1261 2487 2,
1287 2405 1330 2492 2),

158 2508 211 2568 sed
238 2527 305 2567 cnm
331 2508 400 2568 iude
429 2508 543 2568 factum
571 2525 636 2566 esse
666 2504 796 2567 ἔστωσαν
822 2509 920 2567 minus
948 2509 1011 2567 veri
1040 2509 1080 2568 sit
1104 2509 1212 2582 simile,
1241 2507 1331 2568 toruo

158 2606 382 2666 rescribendum
406 2625 471 2666 esse
490 2609 640 2682 putemne,
664 2606 742 2680 quod
766 2623 861 2680 neque
880 2606 1000 2664 omnino
1019 2605 1057 2664 ab
1076 2605 1246 2665 Atticorum
1265 2626 1331 2666 con-

159 2703 318 2762 suetudine
350 2704 470 2764 videtur
483 2760 486 2784 ,
501 2704 633 2762 alienum
664 2702 757 2762 fuisse
789 2697 839 2782 (cf.
871 2702 949 2763 Plat.
982 2704 1055 2778 Rep.
1087 2705 1150 2762 502
1182 2723 1208 2762 a.
1238 2704 1331 2780 Legg.

160 2801 223 2860 759
240 2794 271 2880 ο)
291 2804 330 2878 ct,
350 2802 511 2876 siluisset,
533 2802 564 2860 in
582 2799 702 2859 foedere
721 2800 1023 2860 Lacedaemoniorum
1045 2792 1112 2858 cum
1132 2799 1332 2874 Tissapherne

160 2899 285 2959 eandem
313 2899 533 2958 excusationem
560 2898 685 2958 haberet
712 2901 802 2974 atque
830 2892 870 2975 ἥν
896 2902 926 2957 et
949 2891 1034 2976 ἐπήν.
1080 2897 1331 2956 Terminationem

159 2998 312 3070 Doricam,
350 3016 440 3072 quam
471 2997 567 3056 Attici
604 2999 775 3056 constanter
810 2996 1013 3055 adhibuerunt
1043 2995 1147 3054 futuro
1178 2997 1332 3071 πεσοῦμαι,

160 3097 267 3170 poetae
298 3093 425 3152 scaenici
452 3093 504 3152 uhi
531 3097 661 3152 metrum
688 3093 863 3170 postulabat
885 3093 976 3152 etiam
998 3093 1031 3151 in
1053 3091 1220 3170 φενξοῦμαι
1248 3083 1333 3172 (Eur.

162 3191 239 3252 Med.
265 3193 337 3250 338.
361 3193 435 3252 341.
460 3193 534 3250 346.
556 3191 622 3250 Hel.
643 3194 715 3252 500.
742 3194 836 3253 1041.
859 3192 952 3251 Arist.
972 3191 1044 3250 Aah.
1067 3193 1161 3250 1129.
1183 3190 1240 3250 Av.
1261 3193 1333 3249 932.

161 3290 239 3348 nus.
263 3289 337 3349 443.
360 3287 437 3348 Pius
463 3290 535 3348 ιιι.
560 3280 641 3369 cce)
669 3292 700 3348 a
722 3277 907 3366 κιιισισμιι
931 3282 1037 3369 (Assa
1061 3289 1136 3348 aaa.
1161 3280 1262 3369 1221)
1285 3289 1335 3346 aa.

163 3389 309 3446 miserunt
340 3378 504 3466 (peculiare
537 3387 616 3444 onim
648 3389 695 3444 est
725 3389 907 3468 κλαοσομμαι
936 3388 969 3446 in
995 3386 1175 3446 hexametris
1204 3386 1335 3463 positum

163 3486 256 3546 Arist
278 3484 346 3542 Pac.
367 3477 478 3564 1081),
502 3502 599 3559 neque
621 3483 807 3559 intellegitur
829 3504 882 3544 cm·
905 3485 986 3561 quod
1007 3486 1038 3542 in
1062 3484 1130 3544 aliis
1153 3483 1253 3542 verbis
1277 3501 1336 3540 non

165 3583 300 3642 fecerunt
325 3581 358 3640 in
384 3581 431 3640 his
460 3581 518 3642 sibi
545 3581 758 3656 concesserint,
784 3581 843 3640 nisi
870 3599 924 3656 por
950 3582 1045 3657 ipsius
1069 3580 1162 3640 Attici
1192 3579 1336 3638 sermonis

164 3699 253 3740 nsum
275 3678 307 3738 id
329 3674 473 3737 licuisset.
510 3677 639 3747 Quodsi
661 3679 705 3738 ita
728 3682 782 3762 est,
805 3697 842 3738 ne
867 3680 922 3738 hoc
945 3679 1066 3754 quidem
1088 3678 1209 3737 videtur
1231 3675 1336 3750 negari

165 3796 263 3854 posse,
285 3776 363 3836 idom
384 3777 416 3834 in
438 3775 530 3836 verbo
553 3778 637 3834 πλεῖν
659 3775 772 3834 factum
794 3794 867 3852 esse,
890 3777 974 3836 cuius
997 3777 1134 3836 futurum
1155 3775 1338 3850 altamripam

166 3874 245 3950 apud
282 3873 335 3932 Th.
368 3873 595 3948 Xenophontem
633 3872 865 3932 Demosthenem
902 3873 1064 3932 identidem
1101 3871 1246 3930 traditum
1283 3875 1339 3933 est.

167 3973 328 4032 Portarum
361 3972 562 4032 scaenicorum
591 3987 648 4028 usu
680 3969 712 4030 in
743 3970 799 4028 hoc
831 3972 923 4031 verbo
950 3971 1025 4030 nihil
1056 3968 1238 4042 decernitur,
1271 3988 1338 4028 cum

167 4069 310 4146 simplicis
336 4068 421 4128 nulla
448 4069 527 4144 apud
555 4087 605 4126 cos
634 4067 768 4148 exempla
796 4067 926 4141 exstent,
958 4067 1116 4142 compositi
1146 4085 1238 4123 unum
1266 4083 1339 4142 σνμ

167 4159 328 4244 πλεύσομαι
341 4166 413 4226 nur.
428 4166 494 4227 Hel.
511 4168 606 4240 1067,
626 4167 711 4228 cuins
730 4166 827 4224 forma
842 4164 950 4224 Dorica
969 4163 1088 4223 omnino
1107 4165 1192 4221 extra
1209 4165 1339 4222 metrum

168 4265 276 4343 tragici
309 4264 420 4340 dialogi
453 4267 508 4324 est.
559 4264 666 4338 ltaque
692 4262 821 4322 nimium
849 4263 968 4324 videtur
996 4260 1173 4322 contendere
1201 4259 1340 4319 Rutherf.

167 4363 187 4422 l.
210 4366 229 4423 l.
252 4384 282 4438 p.
306 4365 358 4422 93.
403 4360 592 4438 Optimorum
620 4361 702 4421 codd.
730 4359 910 4420 auctoritate
939 4359 1183 4419 commendentur
1212 4358 1340 4432 optativi

169 4463 206 4522 ad
230 4459 456 4522 similitudinem
479 4459 639 4522 verborum
662 4461 884 4520 contractorum
907 4457 1029 4517 formati
1057 4452 1251 4533 ἕποθοίμεθιι,
1278 4452 1339 4514 ἐπι·
