3322 5138
661 441 879 504 ..11-

180 589 1357 682 mammnmamsmamammmmm

181 696 1357 780 mamumavmmumrmummpm

180 799 327 858 accedunt
346 817 438 874 supra
461 800 617 886 memerati
637 799 679 856 IV
701 801 752 876 24,
774 804 801 859 1.
829 803 881 874 80,
904 804 936 878 13
959 802 1017 861 duo
1037 805 1154 861 restant
1172 802 1224 877 qui
1244 802 1358 860 nudum

179 897 362 956 infinitivum
380 896 484 954 aurisii
503 896 647 955 habeant:
674 897 717 954 IV
739 900 789 975 13,
811 900 825 956 1
852 894 1013 971 ἐλπίζοντες
1030 894 1063 960 τὸ
1086 892 1159 958 κατὰ
1181 892 1233 959 τὸν
1256 895 1358 977 λιμένα

178 999 272 1072 τεῖχος
301 989 381 1070 ὕψος
409 989 464 1070 μὲν
492 991 560 1071 ἕχον
586 989 722 1076 (auctore
745 995 891 1056 Ultriuhio
915 1016 969 1071 pro
993 988 1098 1076 ἔχειν),
1127 990 1302 1074 ἀποβάσεως
1326 993 1358 1058 δὲ

180 1088 302 1176 μάλιστα
331 1085 422 1169 οὔσης
450 1087 526 1150 ἑλεῖν
554 1084 587 1171 (l.
617 1089 692 1151 ἑλεῖν
719 1084 772 1172 διν)
800 1098 947 1171 μηχαναῖς
970 1099 1001 1154 et
1025 1095 1084 1152 VII
1109 1097 1161 1168 21,
1186 1099 1204 1154 2
1234 1093 1358 1167 ἐλπίζειν

179 1184 237 1270 γὰρ
260 1235 295 1248 ..
323 1182 559 1267 κατεργάσασθαι
587 1181 620 1265 (l.
649 1180 903 1270 κατεργάσεσθαι).
951 1191 1075 1250 Duobus
1100 1195 1131 1250 et
1153 1192 1262 1268 viginti
1286 1193 1358 1252 louis

179 1288 279 1347 nudus
303 1287 469 1346 infinitiuus
493 1287 598 1346 aoristi
616 1307 658 1352 ,ex
682 1285 780 1348 δοκεῖν
803 1288 928 1362 putandi
953 1289 982 1348 vi
1006 1289 1142 1363 praedito
1164 1291 1253 1364 aptus
1273 1308 1358 1365 prae-

180 1379 1356 1466 amummuwmmamuurmffiumansa

183 1482 1357 1561 mamumnmmamamamswa

184 1573 1359 1663 mnvnaumammsarmmasmammt

181 1699 276 1740 unum
300 1680 343 1737 IV
367 1683 417 1756 36,
444 1685 459 1740 1
486 1679 585 1740 δοκεῖν
608 1671 773 1758 βιάσασθαι
798 1671 832 1758 (l.
856 1670 1028 1759 βιάσεσθαι)
1053 1679 1161 1738 leviter
1183 1682 1359 1754 corruptum

182 1798 248 1838 esse
272 1781 365 1853 patet.
411 1779 506 1837 Nemo
529 1779 589 1837 iam
613 1777 771 1854 quicquam
796 1776 942 1835 librorum
965 1776 1140 1836 auctoritati
1163 1776 1285 1854 tribuet,
1309 1775 1359 1852 qui

182 1877 226 1935 IV
249 1877 299 1950 28,
320 1876 338 1933 5
362 1867 382 1951 i}
407 1871 544 1946 Κλέωνος
568 1868 827 1954 ἀπαλλαγήσεσθαι
847 1919 874 1934 ..
897 1866 917 1951 ἢ
938 1917 970 1934 ..
994 1873 1254 1951 Λακεδαιμονίους
1276 1874 1360 1950 σφίσι

182 1967 381 2053 χειρώσασθαι
405 1965 438 2052 (l.
463 1965 670 2054 χειρώσεσθαι)
695 1976 726 2032 et
748 1972 791 2030 VI
815 1975 866 2049 24,
890 1975 909 2030 4
933 1971 1025 2032 οἴσειν
1048 1969 1098 2031 καί
1120 1965 1360 2049 προσκτήσασθαι
1482 1981 1484 1985 ’

184 2067 217 2150 (l.
241 2060 492 2150 προσκτήσεσθαι)
522 2070 684 2130 infinitivus
714 2071 810 2129 futuri
841 2073 872 2128 et
899 2070 1004 2130 aoristi
1033 2070 1118 2128 iuxta
1145 2072 1269 2144 ponunt.
1314 2070 1360 2128 Ne

185 2173 286 2229 autem
310 2169 357 2227 eui
384 2170 557 2243 scrupulum
586 2173 723 2229 moveret
746 2169 792 2228 ΙΙΙ
817 2172 868 2242 96,
895 2171 910 2225 1
940 2163 1071 2245 χρησθὲν
1097 2161 1177 2252 αὐτῷ
1204 2166 1237 2228 ἐν
1259 2166 1360 2252 Νεμὲηι

181 2270 266 2328 τοῦτο
285 2269 397 2325 παθεῖν
416 2265 579 2340 prudenter
597 2268 677 2328 eavit
696 2267 866 2342 Madvigius
886 2265 962 2326 Adv.
982 2267 1046 2325 erit.
1067 2267 1081 2324 Ι
1099 2288 1128 2343 p.
1146 2270 1217 2342 176,
1236 2287 1359 2327 monens

184 2369 258 2444 χρῆν
277 2365 402 2424 κοτίνοιο
420 2364 621 2439 praecipiendi
640 2349 802 2439 notionem,
821 2384 839 2421 a
857 2384 917 2440 qua
933 2366 1101 2439 profectum
1121 2364 1169 2437 sit,
1187 2358 1360 2446 retinere.¹)

274 2461 332 2522 Sed
350 2482 388 2520 ne
408 2463 575 2536 praesentis
594 2463 715 2539 quidem
733 2464 830 2522 nudus
850 2463 1015 2542 infinitivus
1039 2464 1157 2522 omnino
1181 2481 1234 2537 pro
1258 2463 1359 2522 futuro

185 2581 251 2622 esse
270 2563 378 2636 potest.
406 2560 484 2618 Nam
504 2562 675 2636 uerruptela
692 2561 829 2620 laborare
849 2560 976 2620 vidimus
995 2561 1010 2618 I
1027 2564 1099 2637 127,
1116 2560 1240 2628 tvm
1262 2563 1311 2636 27,
1332 2564 1360 2621 3.

148 2669 151 2678 ’
184 2660 221 2719 In
243 2677 355 2734 magna
377 2659 583 2734 exemplorum
605 2658 690 2733 eopia
713 2677 805 2716 unum
828 2661 949 2732 praeter
972 2656 986 2714 Ι
1008 2661 1080 2731 127,
1104 2662 1120 2717 1
1148 2661 1195 2716 est
1218 2658 1269 2715 ubi
1292 2661 1361 2733 post

185 2755 315 2834 νομίζειν
351 2775 417 2815 eam
453 2757 506 2814 ille
542 2755 603 2816 vim
640 2756 766 2832 habeat,
808 2759 860 2816 sed
897 2757 1009 2814 nullius
1046 2776 1169 2832 prorsus
1206 2757 1361 2815 momenti:

185 2853 227 2912 IV
254 2857 326 2927 127,
357 2858 372 2913 1
403 2853 574 2931 νομίσαντες
602 2848 724 2932 φεύγειν
749 2875 779 2916 τε
802 2848 895 2915 αὐτόν
917 2851 968 2912 καὶ
990 2847 1202 2932 καταλαβόντες
1226 2853 1360 2929 διαφθεί

186 2972 263 3028 ρειν,
293 2951 344 3009 ubi
373 2951 548 3028 διαφθερεῖν
572 2951 731 3026 legendum
756 2972 821 3013 esse
844 2953 1003 3027 inaperta
1027 2952 1080 3028 εῖτ,
1108 2951 1214 3010 deinde
1237 2971 1360 3026 prorsus

187 3050 340 3125 singulare
364 3052 410 3108 est
432 3048 478 3106 III
503 3050 554 3124 95,
580 3053 596 3108 1
622 3042 749 3109 ἐδόκουν
772 3097 777 3109 .
801 3097 807 3110 .
838 3042 1039 3127 ξυστρατεύειν
1067 3040 1100 3130 (l.
1128 3041 1360 3127 ξοστρατεύσειν)

185 3139 204 3224 ἢ
228 3134 288 3206 miv
315 3145 366 3226 βίηι
393 3147 615 3225 προσαχθῆναι,
640 3167 712 3236 pum
740 3149 817 3208 alius
846 3150 930 3208 loeus
959 3147 1011 3206 ubi
1038 3149 1109 3222 post
1136 3145 1236 3205 δοκεῖν
1263 3145 1360 3206 infini-

152 3285 155 3291 -
186 3246 268 3304 tivus
301 3244 468 3320 praesentis
501 3244 597 3302 futuri
634 3245 694 3305 vim
731 3246 841 3305 habeat
876 3265 936 3305 non
969 3247 1074 3304 exstet.
1129 3243 1241 3303 Eodem
1273 3244 1360 3303 modo

187 3342 353 3402 sanandum
385 3346 431 3401 est
460 3342 534 3400 VIII
565 3343 619 3416 75,
653 3346 671 3402 2
704 3339 840 3421 πολέμιοί
864 3365 894 3402 τε
926 3340 1045 3402 ἔσεσθαι
1076 3339 1124 3400 καί
1148 3329 1362 3420 ἐ’πικηροκεόε·

187 3445 260 3500 σθαι
296 3432 333 3519 (l.
366 3434 669 3519 ἕπικηροκεόσεσθαι)
706 3444 738 3500 et
768 3441 815 3500 III
849 3443 904 3518 52,
945 3444 977 3514 2,
1016 3460 1105 3515 quem
1142 3441 1238 3500 locum
1271 3460 1363 3515 supra

188 3538 359 3613 attuIImuS,
386 3532 522 3598 κολάσειν
550 3539 766 3615 corrigendum.
803 3539 848 3599 III
874 3541 924 3614 66,
950 3541 968 3597 3
992 3530 1046 3614 τὴν
1073 3535 1139 3614 περὶ
1166 3531 1264 3597 αὐτῶν
1290 3530 1362 3614 ἡμῖν

187 3630 227 3714 μὴ
260 3635 383 3695 κτείνειν
415 3642 602 3713 ψευσθεῖσαν
632 3629 791 3717 ὑπόσχεσιν
818 3635 938 3695 defendi
966 3635 1085 3710 quidem
1114 3638 1213 3711 potest
1240 3635 1363 3694 κτείνειν

188 3733 291 3792 eadem
316 3735 431 3794 ratione
454 3753 513 3811 qua
536 3755 628 3810 supra
646 3734 690 3793 VI
711 3738 762 3809 87,
787 3737 806 3793 4
831 3733 936 3793 aoristi
958 3728 1141 3793 infinitivum
1159 3736 1226 3807 post
1244 3726 1363 3792 ὑπεῖναι

189 3828 292 3890 ἐλπίδα
311 3831 533 3909 explicavimus,
553 3832 604 3890 sed
623 3832 807 3907 probabilius
827 3833 947 3891 videtur
965 3834 1076 3888 κτενεῖν
1095 3831 1260 3905 emendare,
1280 3849 1362 3905 prae-

189 3929 294 3988 sertim
318 3947 384 3987 cum
407 3922 630 4008 δπισχνεῖσθαι,
656 3930 682 3988 si
705 3929 882 4005 promittere
905 3931 960 4002 est,
984 3945 1103 4002 semper
1126 3946 1192 3985 eum
1214 3927 1362 3987 infinitivo

189 4025 284 4085 futuri
308 4026 458 4101 iungatur.
505 4027 667 4102 Perperam
689 4027 783 4103 igitur
807 4025 967 4086 Classenus
991 4023 1005 4081 I
1028 4026 1080 4098 82,
1104 4026 1123 4082 4
1151 4016 1190 4101 μὴ
1214 4017 1270 4104 χδιρ
1293 4018 1363 4086 ἄλλο

190 4146 216 4182 τι
244 4119 383 4200 νομίσητε
409 4118 463 4202 τὴν
490 4127 548 4202 γῆν
576 4117 675 4183 αὐτῶν
703 4117 722 4202 ἢ
753 4118 867 4204 ὅμηρον
898 4121 974 4202 ἔχειν
1005 4122 1043 4181 ad
1075 4123 1210 4181 futurum
1242 4125 1362 4198 tempus
1452 4151 1459 4162 ·

263 4295 289 4360 1)
315 4292 385 4346 Cum
413 4293 453 4348 dii
481 4310 631 4363 eorumque
659 4296 737 4348 vates
766 4294 841 4363 quod
867 4294 990 4348 futurum
1014 4309 1074 4346 esse
1099 4291 1282 4362 praesagiunt
1304 4293 1363 4350 fieri

191 4375 316 4440 iubeant,
336 4373 422 4428 etiam
438 4375 473 4428 ad
488 4373 545 4428 alia
562 4372 734 4428 vaticinandi
753 4375 847 4440 verba,
865 4376 897 4427 ut
914 4376 989 4429 recte
1008 4374 1104 4428 monet
1117 4371 1219 4439 Madv,
1237 4371 1284 4426 hic
1298 4389 1363 4426 usus

190 4453 364 4519 transfertur,
384 4470 472 4522 eoque
492 4452 706 4523 explicationem
726 4455 831 4508 habent
845 4453 925 4508 Hom.
942 4453 971 4510 ll.
989 4452 1053 4506 XIII
1073 4457 1133 4506 667.
1158 4453 1256 4508 Aesch.
1273 4453 1362 4507 Prom.

192 4537 252 4586 667.
277 4531 563 4588 Eur.Phoeu.1597.
588 4533 647 4602 Iph.
667 4534 697 4588 Τ.
719 4541 796 4591 1014.
