3322 5138
739 1355 766 1426 1.

257 1513 436 1575 Luculenter
450 1515 630 1592 Madvigius,
646 1535 748 1574 rerum
761 1515 1026 1591 grammaticarum
1040 1515 1230 1575 acutissimus
1244 1515 1341 1590 iudex,

167 1613 200 1669 in
218 1610 404 1672 Adversariis
429 1614 538 1673 criticis
557 1614 573 1671 Ι
591 1634 620 1689 p.
642 1615 814 1672 162-182
839 1615 940 1673 doeuIt
962 1613 1075 1672 nudum
1099 1614 1204 1672 coristi
1221 1613 1341 1672 infiniti-

167 1729 236 1768 vum
262 1711 418 1794 edicendi
442 1715 495 1770 aut
517 1711 644 1788 putandi
667 1711 768 1772 verbis
791 1712 971 1787 pendentem
999 1712 1109 1787 ubique
1132 1712 1289 1786 praeteriti
1311 1710 1342 1770 vi
1399 1785 1403 1794 ι

164 1807 348 1865 instructum
375 1827 472 1884 neque
501 1829 627 1885 usquam
655 1808 693 1867 ed
718 1808 856 1868 futurum
878 1813 997 1885 tempus
1021 1810 1211 1870 referendum
1235 1799 1341 1888 essel)

164 1903 257 1964 Cuius
286 1911 466 1982 argumenta
494 1925 675 1984 quamquam
702 1925 769 1965 eam
796 1908 857 1967 vim
884 1909 997 1967 habent
1024 1909 1058 1966 ut
1082 1907 1119 1966 de
1141 1907 1180 1966 iis
1203 1907 1341 1967 dubItere

164 2005 214 2063 vix
241 2005 343 2078 liceat,
376 2008 477 2065 tamen
504 2007 688 2068 inveteratos
720 2024 835 2065 errores
863 2006 970 2064 tollere
996 2008 1060 2064 tam
1087 2005 1208 2065 difficile
1235 2008 1282 2064 est
1308 2007 1342 2063 ut

164 2121 272 2176 operae
302 2104 434 2177 pretium
464 2105 599 2164 facturus
628 2123 693 2163 esse
720 2103 794 2161 mihi
821 2102 937 2179 videar,
970 2103 996 2162 si
1028 2121 1095 2162 eam
1128 2103 1342 2182 quaestionem,

163 2205 313 2275 quatenus
332 2201 371 2260 ad
390 2201 596 2277 Thucydidem
614 2202 755 2277 pertinet,
777 2201 822 2260 ita
840 2201 1068 2261 retractaverim
1087 2204 1123 2260 ut
1146 2201 1244 2260 causis
1267 2218 1341 2277 quas

163 2298 215 2356 ille
239 2299 345 2358 attulit
367 2299 442 2357 alias
466 2300 574 2359 addam
597 2299 706 2376 quibus
731 2299 881 2358 sententia
905 2299 968 2357 eius
992 2298 1192 2358 confirmetur.
1238 2299 1340 2358 Prius·

163 2415 254 2470 quam
282 2399 384 2454 autem
411 2398 449 2456 ad
477 2396 665 2474 propositum
693 2398 845 2472 accedam,
872 2415 968 2472 pauca
995 2397 1031 2455 de
1059 2397 1177 2456 ratione
1199 2396 1340 2456 videntur

55 2563 58 2568 1
164 2494 385 2568 praemonenda
409 2515 475 2556 esse
498 2515 589 2573 quam
611 2497 642 2554 in
664 2494 810 2554 eiusmodi
829 2493 1054 2572 quaestionibus
1074 2496 1255 2572 sequendam
1273 2513 1340 2554 esse

163 2591 230 2666 ipse
253 2610 356 2650 earum
378 2597 487 2653 natura
511 2594 605 2655 docet.
646 2595 781 2652 Fuerunt
803 2593 882 2652 enim
905 2593 957 2667 qui
980 2610 1046 2650 sem
1069 2593 1149 2651 viam
1172 2592 1283 2651 inirent
1305 2595 1339 2651 ut

163 2687 317 2748 veteribus
349 2690 543 2766 scriptoribus
573 2711 608 2752 ea
635 2693 666 2750 in
693 2711 750 2751 usu
776 2691 872 2749 fuisse
899 2690 1034 2748 dicerent
1060 2709 1187 2766 quorum
1220 2708 1339 2748 eausam

164 2786 239 2845 satis
262 2787 447 2861 probabilem
471 2791 529 2849 sibi
553 2792 724 2866 explorasse
747 2789 804 2849 visi
828 2791 935 2848 essent.
981 2787 1077 2856 Quam
1100 2787 1180 2848 viam
1204 2787 1339 2862 equidem

56 2936 61 2944 ,
164 2904 183 2943 a
206 2904 276 2944 vero
300 2886 448 2947 abducere
471 2889 565 2950 credo.
612 2887 688 2947 eum
711 2886 790 2946 enirn
814 2905 849 2946 ea
872 2885 912 2945 sib
937 2884 1110 2961 linguarum
1132 2886 1242 2943 natura
1265 2887 1339 2943 uta

237 3093 263 3160 1)
282 3089 399 3159 Aliquot
417 3095 513 3148 tamen
530 3094 608 3148 locos
627 3110 678 3163 pro
697 3092 836 3162 corruptis
854 3089 1014 3161 Madvigius
1032 3091 1121 3146 hahet
1140 3089 1189 3160 qui
1210 3090 1340 3144 emenda

52 3173 57 3180 '
162 3171 242 3226 tione
259 3190 316 3227 non
334 3173 426 3242 egent.
453 3172 527 3226 Nem
543 3173 661 3242 quodin
676 3173 761 3243 Soph.
777 3172 822 3228 Αἰ.
838 3177 906 3227 1081
918 3189 978 3242 sqq.
998 3165 1071 3226 ὅσον
1086 3167 1115 3224 d’
1131 3165 1254 3242 ὑβρίζειν
1269 3172 1340 3239 δρᾶν

162 3248 196 3306 θ’
213 3247 231 3306 οἳ
252 3249 384 3323 βούλεται
402 3253 479 3322 παρῇ
499 3285 531 3293 -
551 3251 658 3323 ταύτην
675 3251 771 3324 νόμιζε
789 3250 842 3322 τὴν
859 3252 943 3308 πόλιν
961 3251 1028 3306 ποτὲ
1048 3282 1083 3292 -
1103 3247 1133 3317 έξ
1152 3246 1256 3322 οὐρίαν
1275 3254 1340 3320 δρα·

163 3335 272 3404 μοῦσαν
297 3329 327 3395 ές
351 3328 444 3406 βυθὸν
468 3340 566 3388 πεσεῖν
591 3336 665 3390 male
688 3335 771 3404 putat
793 3333 985 3388 Hermannum
1008 3332 1144 3387 aoristum
1166 3337 1265 3386 πεσεῖν
1289 3347 1340 3400 pro

164 3413 298 3488 empirice
313 3412 463 3482 accepisse,
479 3414 554 3481 quod
568 3414 634 3468 talis
648 3415 801 3469 infinitivus
816 3412 913 3468 aoristi
927 3430 984 3467 non
1001 3413 1165 3482 reperietur,
1181 3429 1237 3467 non
1257 3413 1340 3467 modo
1369 3471 1371 3477 y

162 3491 343 3562 participium
366 3491 466 3546 aoristi
487 3492 542 3546 hoc
564 3495 647 3548 modo
674 3493 817 3548 invenitur
836 3493 911 3562 apud
928 3493 978 3549 Th.
997 3493 1011 3544 I
1030 3499 1090 3562 122,
1109 3499 1135 3546 4.
1168 3493 1267 3547 Aesch.
1287 3494 1340 3560 Ag.

164 3578 225 3638 set,
244 3573 293 3626 sed
313 3574 399 3626 etiem
417 3571 505 3641 ipsius
523 3572 656 3628 infinitivi
676 3573 834 3643 exemplum
854 3571 1071 3643 deprehendisse
1089 3572 1159 3626 mihi
1178 3573 1256 3626 visus
1278 3589 1338 3624 sum

162 3651 190 3704 in
212 3651 292 3705 Hom.
314 3651 364 3706 Od.
380 3652 419 3704 III
435 3657 487 3706 318
498 3670 557 3721 sqq.
578 3660 671 3716 κεῖνος
690 3650 744 3724 γὰρ
763 3653 829 3708 νέον
849 3650 973 3708 ἄλλοθεν
992 3650 1158 3720 εἰλήλουθεν
1178 3684 1210 3691 -
1231 3648 1263 3706 ἐκ
1282 3651 1338 3704 τῶν

162 3726 325 3799 ἀνθρώπων
350 3726 421 3786 ὅθεν
447 3727 500 3786 οὐκ
524 3729 636 3787 ἔλποιτό
660 3753 690 3802 γε
715 3736 800 3808 θυμῷ
821 3768 854 3775 -
874 3732 997 3804 ἐλθέμεν
1018 3729 1116 3788 ὅντινα
1135 3733 1246 3802 πρῶτον
1265 3727 1335 3786 ἄπο-

163 3807 307 3880 sprituum
330 3807 441 3878 deltam
465 3817 544 3869 verto
569 3815 644 3869 enim
667 3809 810 3869 ὅθεν...
836 3809 958 3883 ἐλθέμεν
981 3813 1069 3867 unde
1092 3828 1158 3866 non
1182 3811 1341 3865 crederet

163 3892 273 3961 (modus
291 3891 456 3959 potentialis
474 3894 629 3962 praeteribi,
648 3895 683 3948 de
703 3911 757 3963 quo
777 3893 934 3962 antiquiore
953 3892 1073 3963 optativi
1090 3892 1160 3946 nudi
1178 3894 1280 3945 etcum
1303 3885 1339 3944 ἅν

161 3971 249 4025 iuncti
278 3989 329 4025 usu
357 3969 392 4025 cf.
416 3969 468 4026 Od.
492 3972 558 4025 XIII
580 3980 640 4029 248.
673 3973 705 4028 II.
729 3973 742 4026 I
766 3979 826 4027 232.
854 3973 892 4026 IV
917 3979 978 4026 223.
1004 3971 1030 4026 V
1053 3977 1096 4028 45.
1133 3971 1234 4026 Herod.
1259 3971 1272 4022 I
1297 3975 1338 4025 ¹10.

162 4051 201 4104 IX
225 4055 269 4114 71)
297 4050 410 4105 redire
436 4051 556 4107 solere.
594 4052 702 4108 Deinde
724 4052 902 4122 incorruptus
925 4054 968 4106 est
990 4069 1087 4107 versus
1111 4052 1174 4106 Eur.
1199 4047 1245 4105 Or.
1270 4054 1338 4104 1527

164 4131 254 4199 μῶρος
278 4128 306 4199 εἷ
326 4131 418 4186 δοκῶν
442 4150 476 4201 με
495 4133 593 4200 τλῆναι
612 4129 664 4200 σὴν
683 4128 862 4202 καθαιμάξαι
882 4131 979 4200 δέρην,
1003 4130 1022 4186 i.
1042 4148 1066 4185 e.
1090 4130 1219 4184 stultus
1239 4146 1284 4196 es,
1310 4129 1339 4182 si

162 4212 265 4278 putas
284 4228 332 4265 me
351 4213 508 4266 conatum
527 4229 601 4266 esse
618 4211 844 4283 (propositum
861 4211 1039 4279 habuisse)
1062 4209 1229 4264 cervicem
1247 4210 1339 4261 tuam

164 4295 353 4346 cruentare.
389 4290 472 4346 Hom.
492 4295 587 4346 autern
606 4292 656 4346 od.
677 4292 715 4345 IV
734 4297 785 4345 253
796 4309 836 4360 sq.
862 4292 910 4345 καὶ
929 4287 1024 4360 ὤμοσα
1043 4285 1180 4357 καρτερὰν
1200 4283 1284 4357 ὅρκον
1304 4319 1336 4328 -

163 4368 201 4439 μὴ
220 4369 272 4440 μὲν
291 4372 357 4439 πρὶν
377 4367 501 4440 Ὀδυσῆα
522 4368 594 4441 μετὰ
616 4367 740 4441 Tesdeoo'
761 4368 911 4439 ἀναφῆναι
935 4373 1052 4425 eandem
1075 4368 1337 4438 interpretationem

163 4451 249 4504 habet
268 4454 352 4521 atque
369 4452 448 4507 Dem.
463 4451 554 4506 XXIII
571 4457 631 4520 170,
649 4468 704 4519 quo
723 4453 757 4505 de
777 4451 838 4506 loco
858 4452 932 4505 infra
949 4471 976 4522 p.
993 4457 1025 4505 16
1045 4466 1135 4504 sermo
1154 4448 1214 4503 erit.
1229 4448 1336 4503 Ibidem

165 4527 274 4584 dicetur
292 4531 327 4585 de
345 4530 407 4600 Lys.
427 4531 492 4584 XIII
513 4535 553 4584 15.
572 4536 615 4586 47.

580 4616 769 4692 7822&
1089 4617 1124 4671 1*
