3310 5140
830 385 1046 448 ...64-

350 557 466 626 θοῖντο,
490 551 708 626 ξονεπιθοῖντο,
732 553 878 627 προοῖντο,
902 551 1056 626 προθοῖτο,
1080 551 1136 608 nisi
1156 550 1235 626 quod
1253 551 1364 610 tertiae
1382 569 1531 626 personae

353 649 465 724 partim
483 649 559 708 falso
583 641 865 727 προπαροξύνονται,
890 647 967 723 quod
992 646 1070 706 idem
1093 666 1252 723 perperam
1275 648 1307 706 in
1331 648 1530 708 coniunctivis

350 743 522 822 ἐπιθῶνται,
546 743 695 825 ἐπιθῆται,
721 745 900 820 ξννθῶνται,
922 747 1067 825 προῆσθε,
1089 738 1266 825 προσθῆσθε
1288 745 1354 804 fieri
1378 744 1493 806 Herod.
1517 744 1532 802 I

352 843 458 916 462,1
480 849 638 920 praecepto
657 841 856 919 cognoscitur.
895 841 1084 902 horistorum
1104 841 1201 920 ἐθῆκα
1220 847 1249 902 et
1268 839 1368 926 ἔδωκα
1386 842 1418 900 in
1431 843 1530 901 titulis

351 939 460 998 Atticis
475 943 545 1000 ante
559 961 585 1000 a.
598 944 660 1002 376
672 961 699 1000 a.
714 939 766 1000 ch.
782 939 943 1014 singularis
959 945 1076 1000 tantum
1092 942 1181 1000 activi
1199 942 1297 1000 exstat
1311 932 1363 1021 (cf.
1375 939 1529 999 Meisterh.

350 1035 369 1111 ᾗ
389 1039 441 1110 42,
461 1029 496 1118 3)
519 1057 616 1114 neque
640 1039 728 1096 aliter
752 1037 782 1096 hi
806 1039 836 1096 et
860 1055 920 1095 νοτ.
943 1026 1056 1116 ῆκα,ἰο
1076 1039 1215 1113 Aeschyli
1237 1041 1268 1098 et
1287 1037 1446 1114 Sophoclis
1472 1041 1529 1096 tra-

349 1135 464 1212 goediis
489 1136 639 1212 leguntur.
681 1135 899 1210 Aristophanes
923 1155 1039 1212 quoque
1063 1137 1185 1212 reliquis
1209 1135 1314 1194 formis
1343 1135 1529 1195 abstinuisse

351 1232 482 1311 videtur,
511 1253 576 1292 cum
606 1232 679 1293 Ach.
711 1235 770 1292 101
803 1226 954 1303 ξννείκαθ’
983 1252 1037 1308 pro
1066 1226 1214 1310 ξυνήκαθ’
1239 1251 1350 1309 ponere
1379 1233 1473 1292 liceat
1501 1239 1531 1292 et

351 1331 429 1406 quod
457 1331 487 1389 in
516 1331 688 1406 anapaestis
712 1330 792 1388 Nub.
818 1331 881 1388 908
911 1331 1022 1406 legitur
1049 1327 1270 1408 ἐντειναμένους
1297 1323 1352 1408 τῆν
1380 1323 1530 1409 ἁρμονίαν

348 1420 389 1504 ῆν
421 1425 453 1488 οῖ
481 1425 601 1508 πατέρες
633 1424 809 1506 παρέδωκαν
842 1444 899 1484 non
933 1427 1030 1486 solum
1063 1429 1118 1487 hac
1151 1429 1218 1504 ipsa
1245 1447 1277 1486 re
1305 1429 1529 1488 excusationem

351 1525 470 1602 haheat,
493 1525 546 1584 sed
570 1526 661 1586 etiam
685 1545 719 1584 eo
743 1524 822 1600 quod
846 1524 896 1582 ille
920 1525 1043 1583 carmini
1068 1525 1171 1602 lyrico,
1194 1527 1325 1585 fortasse
1348 1525 1400 1584 uni
1425 1544 1527 1584 eorum

352 1641 428 1698 quae
451 1623 585 1698 proximo
608 1643 699 1682 versu
723 1623 908 1698 memoravit,
931 1624 1066 1682 alludere
1090 1623 1218 1682 videtur.
1263 1623 1369 1698 Neque
1392 1623 1425 1682 in
1449 1624 1529 1699 frag-

352 1720 460 1778 mentis
484 1723 639 1794 poetarum
663 1720 774 1779 veteris
798 1721 967 1780 comoediae
991 1721 1086 1780 ullum
1115 1720 1260 1781 eiusmodi
1284 1721 1456 1797 exemplum
1481 1740 1527 1779 er-

351 1819 421 1877 stat.
468 1815 631 1892 Complura
653 1817 733 1894 apud
757 1817 931 1892 Euripidem
955 1821 1038 1896 sunt,
1067 1819 1110 1877 ita
1133 1823 1167 1876 ut
1190 1819 1237 1878 hic
1259 1818 1335 1878 talia
1357 1818 1474 1893 primus
1500 1819 1529 1876 in

352 1931 516 1972 sermonem
541 1916 639 1991 poc'sis
664 1915 814 1974 scaenicae
843 1915 990 1990 recepisse
1019 1915 1165 1976 videatur.
1212 1915 1256 1975 Of.
1279 1908 1398 1994 ἀνῆκαν
1422 1915 1530 1974 Bacch.

353 2010 428 2086 458,
454 2013 593 2089 καθῆκαν
622 2013 683 2074 lon.
709 2015 805 2086 1200,
833 2009 948 2090 ἔθηκαν
972 2012 1058 2072 Hero.
1083 2016 1157 2072 590.
1190 2012 1261 2071 Ηοο.
1288 2014 1383 2072 1156.
1416 2012 1529 2072 Phoen.

352 2109 403 2167 30.
437 2107 488 2168 Or.
519 2113 612 2172 1166.
644 2114 743 2187 1641,
771 2102 923 2189 ἐδώκαμεν
951 2109 1031 2186 Cycl.
1062 2113 1138 2188 296,
1166 2104 1384 2188 προυδῶκαμεν
1412 2109 1530 2168 Hercul.

352 2207 426 2282 463,
450 2203 595 2279 ἐξέδωκαν
618 2209 736 2268 Heracl.
762 2211 835 2284 319,
862 2204 1038 2287 παρέδωκαν
1061 2208 1139 2268 Med.
1164 2210 1237 2285 629,
1260 2198 1459 2285 προσηκάμην
1482 2201 1529 2272 ΕΙ,
1615 2249 1616 2270 i

352 2306 424 2363 622.
457 2305 557 2364 lltiam
577 2307 632 2367 Th.
652 2307 851 2383 antiquiorem
874 2326 962 2365 usum
985 2306 1104 2366 videtur
1128 2309 1248 2366 secutus
1272 2325 1346 2379 esse,
1370 2325 1437 2366 cum
1462 2323 1530 2362 oon·
1616 2324 1617 2351 1

351 2403 467 2460 stanter
495 2405 575 2478 apud
602 2425 671 2463 eum
701 2402 809 2463 ἔθεσαν
836 2407 868 2463 et
894 2401 1017 2480 ἔδοσαν,
1052 2405 1083 2463 et
1110 2403 1258 2480 simplicia
1290 2406 1321 2462 et
1353 2402 1529 2478 composita,

351 2499 506 2574 legantur,
534 2502 592 2560 nisi
621 2503 700 2578 quod
725 2502 751 2559 V
775 2504 826 2580 32,
852 2505 868 2560 1
894 2501 934 2560 Μ.
962 2498 1077 2559 ἔδωκαν
1104 2519 1157 2576 pro
1183 2498 1290 2560 ἔδοσαν
1313 2500 1420 2574 habet,
1448 2501 1528 2576 quod
1619 2550 1620 2584 ,

351 2595 415 2654 sine
447 2595 538 2654 dubio
573 2598 698 2658 librario
731 2599 858 2659 debetur
890 2598 1086 2658 recentiorem
1116 2599 1243 2657 formam
1276 2617 1329 2673 pro
1358 2598 1529 2673 antiquiore

351 2692 554 2756 substituenti.
595 2697 702 2774 Itaque
726 2717 764 2757 ne
786 2699 925 2776 παρῆκαν
948 2695 1067 2771 quidem
1089 2693 1133 2753 IV
1153 2698 1240 2774 38,1
1267 2697 1298 2754 et
1321 2688 1444 2772 ἀφῆκαν
1468 2694 1528 2752 VII

353 2794 403 2867 19,
426 2795 446 2851 4
476 2793 556 2869 apud
580 2815 648 2855 eum
672 2795 791 2856 videtur
815 2794 1003 2854 tolerandum
1026 2811 1105 2871 esse,
1133 2794 1310 2871 praesertim
1335 2812 1403 2852 cum
1427 2793 1528 2868 priore

350 2889 414 2948 loco
444 2891 527 2950 codd.
555 2894 704 2969 so1iptura
736 2893 860 2952 fluctuet
891 2885 1041 2974 (παρῆκον
1069 2891 1137 2951 Vat.
1165 2893 1242 2966 Pal,
1275 2895 1418 2970 παρεῖκον
1451 2909 1527 2950 corr.

352 2986 389 3046 It.
413 2988 505 3066 Aug,
532 2997 676 3070 παρεῖκαν
698 2992 727 3050 b.
751 2983 816 3071 D.),
846 2991 898 3050 sed
921 2989 1143 3049 rescribendum
1167 2993 1310 3067 παρεῖσαν
1334 2993 1365 3048 et
1388 2981 1527 3065 ἀφεῖσαν,

351 3086 466 3160 pariter
493 3091 583 3164 atque
610 3089 733 3165 reliquis
760 3089 834 3148 locis
862 3082 984 3148 ἀνεῖσαν
1012 3087 1038 3144 V
1067 3089 1119 3161 32,
1147 3092 1177 3162 4,
1207 3082 1335 3164 ἀφεῖσαν
1363 3087 1391 3143 V
1420 3089 1472 3160 81,
1497 3090 1526 3145 1.

351 3182 409 3241 Vll
435 3185 485 3260 53,
508 3187 527 3244 4
552 3187 697 3246 traditum
722 3191 777 3246 est.
815 3187 944 3246 Perfecti
966 3187 997 3244 et
1020 3186 1304 3262 plusquamperfecti
1327 3183 1418 3244 activi
1441 3183 1527 3242 verbi

350 3277 447 3357 ἴστῆμι
478 3282 628 3358 longiores
660 3283 772 3344 formas
804 3288 924 3360 praeter
955 3284 1109 3344 breviores
1140 3285 1172 3343 in
1203 3303 1261 3344 usu
1293 3284 1387 3343 fuisse
1418 3286 1451 3345 et
1480 3283 1525 3340 in-

351 3377 527 3451 scriptiones
555 3372 725 3460 (Meisterh.
752 3381 771 3454 ξ
798 3386 850 3462 42,
879 3373 945 3462 4ο)
974 3385 1006 3440 et
1038 3388 1193 3458 poetarum
1221 3383 1424 3442 scaenicorum
1452 3399 1525 3440 usus

351 3465 401 3552 (ct
426 3472 515 3550 Soph.
539 3475 586 3535 Αἰ.
611 3480 704 3537 1074.
728 3478 799 3537 Eur.
824 3478 905 3556 Oyol.
926 3481 999 3538 681.
1023 3479 1089 3540 Hel.
1110 3483 1183 3541 438.
1207 3480 1314 3556 fragm.
1335 3480 1407 3538 994.
1431 3478 1525 3537 Arist.

351 3573 407 3633 Av.
428 3564 507 3652 554)
526 3574 729 3648 comprobant.
767 3575 851 3645 Quod
870 3577 908 3636 ad
927 3577 1061 3636 eiusdem
1083 3578 1168 3637 verbi
1191 3576 1382 3654 participium
1406 3575 1524 3650 attinet,

351 3669 399 3727 ΙΙΙ
423 3673 488 3746 9,1
515 3663 548 3729 τὸ
571 3665 721 3743 καθεστώς
744 3676 774 3730 et
797 3672 839 3731 IV
867 3676 917 3752 10,
942 3678 958 3732 1
983 3668 1016 3736 τὸ
1038 3670 1193 3755 περιεστάς
1217 3670 1258 3754 (ν.
1281 3675 1301 3733 l.
1324 3665 1356 3733 τὸ
1380 3666 1524 3743 καθεστὸς

350 3769 381 3824 et
409 3760 441 3825 τὸ
474 3760 633 3848 περιεστὸς)
666 3768 855 3830 scribendum
888 3790 953 3831 esse
986 3776 1017 3832 et
1049 3793 1084 3834 eo
1116 3776 1242 3850 apparet
1274 3772 1353 3848 quod
1382 3773 1522 3830 neutrum

350 3857 438 3935 ἑστώς
470 3882 505 3922 ex
538 3859 638 3937 ἓσταός
669 3865 782 3924 factum
814 3873 861 3929 est
888 3875 931 3946 et,
964 3875 999 3929 ut
1026 3871 1126 3932 docuit
1154 3871 1336 3930 Riemannus
1366 3864 1457 3948 (Bull.
1487 3868 1523 3925 de

350 3979 477 4037 corresp.
501 3962 618 4022 Hellen.
641 3963 687 4021 Ill
706 3985 734 4039 p.
754 3960 893 4048 441sq.)‚
916 3970 1180 4045 grammaticorum
1204 3966 1383 4028 testimoniis
1408 3957 1523 4044 (Etym.

350 4078 449 4136 magn.
473 4062 547 4135 224,
572 4063 599 4120 9.
647 4059 780 4122 Crameri
802 4063 913 4126 Anecd.
937 4064 968 4124 ΙΙ
991 4086 1018 4141 p.
1045 4070 1116 4126 111.
1143 4058 1219 4148 152)
1243 4065 1444 4125 confirmatur.
1486 4063 1522 4121 ln

351 4158 549 4232 suspicionem
575 4178 634 4219 non
662 4160 801 4221 videntur
830 4165 963 4224 vocanda
989 4183 1054 4224 esse
1078 4157 1260 4225 ἀπνλλύουσι
1283 4183 1335 4239 pro
1358 4154 1523 4222 ἀπολλύασι

350 4253 393 4311 IV
418 4257 468 4334 25,
493 4259 511 4316 5
537 4260 568 4316 et
591 4253 712 4336 ὤμνυον
734 4279 788 4335 pro
813 4255 955 4338 oipvoouv
978 4263 1004 4320 V
1032 4266 1081 4339 19,
1105 4269 1133 4322 2.
1159 4263 1210 4336 24,
1237 4266 1263 4335 1,
1286 4262 1356 4338 quia
1378 4260 1409 4318 in
1428 4258 1521 4319 Arist.

350 4352 429 4412 Plut.
460 4357 522 4414 719
551 4353 823 4436 συμπαραμιγνύων
850 4363 945 4420 metro
974 4359 1152 4420 defenditur.
1205 4359 1248 4417 De
1279 4356 1523 4433 inscriptionibus

351 4449 474 4510 dubium
498 4453 618 4528 quidem
641 4458 688 4514 est
710 4455 973 4534 nominales,
996 4461 1033 4518 11
1060 4451 1338 4537 <ἀμ>φιεννάονσιν
1361 4475 1399 4514 an
1423 4448 1522 4534 (ἀμ)-
